3075 4800
406 257 492 321 62
756 255 1096 311 CORNELII
1133 256 1371 310 TACITI
1407 257 1505 310 AB
1542 255 1863 312 EXCESSU
1900 256 2056 311 DIVI
2093 256 2411 312 AUGUSTI

408 441 480 484 ac
532 418 813 502 priorem
871 422 1076 482 aetate
1127 418 1626 483 Pharasmanem
1681 423 1747 484 et
1801 424 2013 484 cetera
2055 420 2602 485 necessitudinum
2645 443 2772 486 no-

406 508 583 570 mina
634 507 940 591 referens,
995 508 1169 591 quod
1222 507 1422 571 filiam
1479 507 1617 572 eius
1664 508 1732 571 in
1777 507 2189 573 matrimonio
2235 508 2528 593 haberet,
2585 511 2765 593 quod

366 596 543 679 ⁵ipse
579 594 953 660 Radamisto
1002 617 1182 660 socer
1218 600 1409 660 esset:
1454 618 1588 660 non
1625 596 1901 660 abnuere
1938 617 2160 679 pacem
2197 595 2495 681 Hiberos,
2542 620 2771 682 quam·

409 706 602 769 quam
640 684 708 747 in
744 689 1033 768 tempore
1069 684 1436 770 validiores3
1473 689 1538 749 et
1575 684 1731 749 satis
1767 685 2093 770 cognitam
2131 683 2584 750 Armeniorum
2620 709 2767 770 per-

407 773 645 856 fidiam,
680 794 798 838 nec
837 772 1010 836 aliud
1048 772 1317 837 subsidii
1355 795 1548 857 quam
1586 773 1920 837 castellum
1957 778 2429 838 commeatuum
2459 796 2761 860 egenum:

406 883 487 925 ne
552 861 748 925 dubia
809 865 1057 925 tentare
1122 861 1315 926 armis
1380 883 1573 945 quam
1639 861 2002 926 incruentas
2056 862 2463 927 condiciones
2520 863 2761 928 mallet.

407 953 747 1014 cunctante
795 950 874 1012 ad
920 972 995 1013 ea
1029 948 1404 1014 Mithridate
1442 954 1507 1014 et
1545 950 1857 1033 suspectis
1892 950 2201 1033 praefecti
2238 950 2541 1035 consiliis,
2587 951 2763 1034 quod

335 1064 387 1103 ιο
405 1039 713 1122 paelicem
751 1039 997 1123 regiam
1034 1038 1355 1121 polluerat
1391 1038 1586 1121 inque
1626 1059 1881 1102 omnem
1918 1038 2253 1102 libidinem
2290 1039 2533 1103 venalis
2569 1039 2762 1104 habe·

406 1127 613 1209 batur,
653 1125 989 1210 Casperius
1027 1127 1285 1191 interim
1324 1126 1403 1190 ad
1439 1127 1916 1191 Pharasmanen
1950 1127 2262 1211 pervadit,
2297 1132 2498 1211 utque
2529 1126 2761 1192 Hiberi

407 1214 656 1279 obsidio
706 1215 1040 1299 decedant,
1096 1215 1478 1299 expostulat.
1572 1215 1681 1279 1110
1727 1215 2060 1298 propalam
2108 1215 2352 1280 incerta
2396 1219 2462 1280 et
2507 1217 2768 1300 saepius

405 1303 705 1367 molliora
767 1304 1184 1388 respondens,
1250 1305 1509 1369 secretis
1572 1303 1818 1368 nuntiis
1874 1308 2095 1368 monet
2148 1303 2596 1369 Radamistum
2653 1305 2765 1369 ob-

403 1392 867 1477 pugnationem
924 1414 1184 1477 quoquo
1239 1393 1432 1456 modo
1488 1393 1780 1456 celerare.
1883 1396 2155 1478 augetur
2207 1393 2440 1478 flagitii
2495 1414 2763 1478 merces,

337 1506 386 1547 1⁶
406 1485 472 1544 et
515 1480 727 1544 Pollio
789 1481 1041 1545 occulta
1093 1481 1503 1564 corruptione
1561 1481 1814 1564 inpellit
1868 1474 2136 1565 milites,
2189 1485 2265 1545 ut
2311 1502 2534 1564 pacem
2579 1482 2762 1567 flagi-

405 1572 618 1634 tarent
681 1591 873 1653 seque
937 1569 1328 1652 praesidium
1392 1569 1738 1634 amissuros
1795 1569 2264 1633 minitarentur.
2367 1590 2494 1653 qua
2546 1591 2763 1635 neces-

407 1657 595 1721 sitate
651 1656 1060 1721 Mithridates
1125 1657 1294 1721 diem
1359 1659 1700 1740 locumque
1764 1657 2008 1722 foederi
2064 1658 2309 1741 accepit
2363 1659 2757 1742 castelloque

405 1744 747 1830 egreditur.

297 1834 382 1897 47
583 1831 682 1898 Ac
734 1834 944 1917 primo
990 1833 1402 1899 Radamistus
1457 1835 1528 1898 in
1583 1835 1913 1918 amplexus
1969 1834 2106 1898 eius
2161 1835 2399 1899 effusus
2455 1833 2761 1899 simulare

406 1922 803 2006 obsequium,
842 1944 1132 1987 socerum
1171 1944 1243 1987 ac
1277 1928 1610 2006 parentem
1647 1923 1995 2009 appellare3
2033 1923 2227 1988 adicit
2264 1924 2364 1988 ius
2400 1923 2757 2006 iurandum,

402 2033 538 2075 non
590 2011 790 2095 ferre,
843 2033 977 2075 non
1030 2034 1276 2075 veneno
1334 2012 1466 2076 vim
1523 2012 1903 2076 adlaturum.
1997 2012 2191 2077 simul
2237 2013 2306 2076 in
2349 2012 2567 2076 lucum
2610 2032 2759 2095 pro-

402 2100 718 2185 pinquum
772 2100 1000 2184 trahit,
1054 2101 1386 2184 provisum
1433 2100 1569 2165 illic
1615 2100 1910 2165 sacrificii
1955 2104 2254 2183 paratum
2301 2101 2629 2184 dictitans,
2682 2104 2761 2165 ut

364 2214 388 2254 5
409 2188 506 2253 dis
557 2188 831 2253 testibus
877 2211 1003 2272 pax
1050 2190 1430 2253 firmaretur.
1522 2211 1665 2253 mos
1712 2192 1810 2252 est
1854 2189 2167 2273 regibus,
2199 2190 2498 2272 quotiens
2545 2190 2614 2252 in
2659 2210 2760 2252 so-

408 2277 705 2340 cietatem
761 2281 1014 2360 coeant,
1070 2278 1400 2360 implicare
1449 2277 1704 2342 dextras
1748 2277 2142 2360 pollicesque
2188 2277 2357 2340 inter
2401 2299 2468 2340 80
2513 2276 2759 2340 vincire

404 2365 703 2448 nodoque
758 2365 1253 2451 praestringere:
1309 2387 1462 2430 mox
1516 2366 1631 2431 ubi
1682 2366 1942 2452 sanguis
1988 2366 2057 2430 in
2103 2368 2278 2430 artus
2322 2385 2386 2429 se
2431 2367 2756 2428 extremos

406 2453 769 2538 suffuderit,
828 2453 955 2518 levi
1010 2455 1143 2519 ictu
1199 2476 1490 2519 cruorem
1548 2455 1813 2520 eliciunt
1868 2459 2058 2537 atque
2113 2454 2386 2517 invicem
2439 2452 2753 2517 lambunt.

404 2541 471 2605 id
515 2541 741 2606 foedus
788 2563 1087 2606 arcanum
1133 2542 1424 2628 habetur,
1472 2544 1654 2628 quasi
1701 2548 1927 2607 mutuo
1964 2564 2187 2607 cruore
2225 2544 2559 2605 sacratum.
2642 2540 2756 2605 sed

333 2657 386 2695 10
404 2633 560 2694 tunc
608 2631 719 2714 qui
764 2652 840 2694 ea
874 2630 1096 2695 vincla·
1123 2631 1520 2716 admovebat,
1567 2633 1874 2697 decidisse
1914 2631 2221 2696 simulans
2258 2651 2466 2715 genua
2501 2627 2756 2693 Mithri-

404 2719 571 2784 datis
624 2719 872 2784 invadit
927 2720 1264 2803 ipsumque
1314 2721 1693 2806 prosternit3
1748 2721 2066 2802 simulque
2112 2740 2424 2784 concursu
2469 2718 2755 2801 plurium

402 2808 755 2872 iniciuntur
830 2813 1104 2873 catenae.
1216 2831 1288 2873 ac
1360 2810 1692 2893 compede,
1765 2810 1939 2892 quod
2004 2809 2384 2873 dedecorum
2446 2807 2757 2891 barbaris,

403 2896 804 2982 trahebatur3
868 2919 1022 2961 mox
1086 2898 1239 2981 quia
1301 2898 1534 2984 vulgus
1590 2899 1750 2962 duro
1807 2897 2078 2980 imperio
2133 2896 2456 2980 habitum,
2519 2895 2759 2979 probra

405 3005 477 3048 ac
531 2985 800 3050 verbera
854 2986 1229 3050 intentabat.
1322 2991 1387 3051 et
1442 2991 1625 3051 erant
1679 2989 1929 3069 contra,
1985 2985 2097 3070 qui
2155 2988 2401 3049 tantam
2457 2984 2754 3049 fortunae

335 3097 385 3139 1⁶
405 3073 976 3137 commutationem
1050 3075 1537 3159 miserarentur3
1611 3078 1952 3158 secutaque
2025 3095 2173 3138 cum
2245 3072 2460 3156 parvis
2534 3072 2755 3137 liberis

405 3160 686 3223 coniunx
742 3165 972 3226 cuncta
1024 3162 1481 3227 lamentatione
1536 3163 1916 3247 complebat.
2010 3162 2276 3226 diversis
2331 3164 2397 3224 et
2442 3161 2755 3225 contectis

403 3248 715 3313 vehiculis
763 3248 1102 3333 abduntur,
1149 3249 1302 3312 dum
1347 3250 1798 3315 Pharasmanis
1844 3251 2018 3315 iussa
2061 3250 2563 3333 exquirerentur.
2655 3248 2756 3313 illi

404 3495 569 3546 unter
603 3491 899 3548 Bn‘idern’.
970 3496 978 3562 Ι
1046 3500 1095 3547 3.
1133 3496 1361 3549 nomina
1401 3495 1861 3564 ‘Beziehungen’,
1914 3493 1994 3547 im
2048 3492 2355 3562 folgenden
2401 3490 2620 3546 einzeln
2666 3509 2755 3547 er-

404 3563 613 3618 wahnt.
648 3566 655 3633 Ι
688 3566 833 3635 quod
872 3564 1106 3619 ‘indem'
1149 3582 1190 3619 8.
1221 3583 1290 3618 zu
1319 3571 1370 3633 3,
1400 3572 1449 3634 9,
1480 3571 1528 3620 7.
1563 3567 1572 3636 Ι
1606 3572 1654 3620 6.
1692 3567 1757 3619 im
1791 3572 2024 3634 tempore
2059 3563 2184 3618 hier
2222 3563 2336 3617 ‘fur
2364 3562 2555 3631 jetzt',
2593 3565 2756 3617 sonst

407 3636 527 3688 ‘zur
561 3636 793 3690 rechten
829 3635 973 3690 Zeit’
1015 3636 1151 3691 oder
1190 3636 1307 3690 ‘bei
1342 3636 1638 3706 gfinstiger
1675 3634 2085 3705 Gelegenheit’.
2157 3638 2165 3705 Ι
2236 3640 2283 3689 7.
2323 3635 2483 3689 aliud
2517 3635 2756 3689 subsidii

404 3703 540 3759 Gen.
568 3710 713 3774 part.
750 3707 899 3761 nach
935 3706 1179 3762 falscher
1206 3706 1498 3777 Analogie‚
1528 3725 1569 3761 s.
1601 3724 1668 3760 zu
1700 3713 1749 3774 3,
1779 3712 1864 3774 39,
1894 3712 1942 3761 2.
1978 3707 1986 3775 1
2020 3711 2103 3759 10.
2144 3706 2428 3761 libidinem
2465 3704 2755 3828 ‘Si'inde'd

407 3781 488 3829 14.
528 3777 757 3833 celerare
795 3777 1153 3846 dichterisch‚
1192 3796 1232 3832 8.
1264 3796 1331 3831 zu
1360 3784 1410 3845 2,
1440 3783 1490 3846 5,
1521 3783 1568 3831 5.
1605 3780 1612 3848 Ι
1648 3783 1730 3832 16.
1770 3778 2068 3832 amissuros
2107 3794 2148 3831 8.
2179 3794 2248 3829 zu
2275 3776 2382 3846 ΚΡ.
2412 3781 2498 3843 45,
2531 3781 2597 3829 15
2635 3792 2713 3828 1111

402 3845 514 3915 vgl.
552 3847 698 3901 noch
736 3847 846 3903 Cic.
887 3848 957 3902 de
992 3851 1107 3903 nat.
1148 3849 1296 3904 deor.
1328 3855 1379 3916 2,
1406 3853 1494 3916 49,
1525 3854 1630 3902 124
1684 3866 1835 3903 avem
1889 3848 2173 3917 quandam
2216 3863 2387 3916 usque
2423 3862 2481 3900 eo
2508 3860 2755 3913 premere

402 3933 591 3973 earum
626 3919 814 3987 capita
849 3920 1139 3987 mordicus,
1175 3921 1308 3974 dum
1333 3920 1463 3974 alae
1489 3926 1711 3988 captum
1737 3920 2059 3987 amitterent,
2095 3917 2211 3973 Liv.
2245 3922 2328 3984 10,
2357 3922 2407 3984 4,
2435 3921 2470 3968 4
2498 3916 2753 3981 cohortes,

402 4004 541 4112 {33⁰
565 3989 746 4112 3⁹2⁴}
774 3990 1539 4127 “ffimff’rffisstessauum
1573 3991 1974 4130 ῗᾶἰὲἷνᾜῗ
2007 3990 2294 4128 &iffi
2327 3983 2752 4111 {2333an

522 4102 531 4112 .
637 4102 649 4127 ‚
1419 4105 1429 4116 .
1471 4102 1482 4115 .
1524 4103 1536 4115 .

401 4130 611 4200 subeyit
643 4130 905 4198 (omittere
938 4130 1240 4201 Agricola),
1277 4131 1408 4187 hist.
1439 4138 1489 4199 3,
1519 4138 1584 4185 61
1627 4133 1863 4187 amissi
1889 4130 2240 4200 praesidii
2274 4128 2516 4184 dedecus,

580 4198 679 4255 47.
719 4205 767 4255 9.
807 4218 1075 4255 arcanum
1112 4201 1580 4271 ‘geheimnisvoll‚
1616 4201 1931 4271 mystisch’.
1965 4204 1973 4270 Ι
2026 4207 2109 4256 11.
2151 4202 2466 4267 (concursu)
2496 4198 2754 4267 plurium

402 4272 483 4325 im
518 4270 832 4340 Gegensatz
870 4288 939 4324 zu
976 4271 1086 4325 den
1122 4275 1218 4342 qui
1254 4290 1318 4327 ea
1353 4275 1537 4328 vincla
1573 4274 1890 4328 admovebat
1941 4271 2049 4325 wie
2088 4290 2131 4326 z.
2162 4271 2226 4325 Β.
2263 4271 2395 4324 hist.
2427 4275 2478 4337 3,
2509 4274 2576 4324 16
2621 4269 2752 4337 plu·

401 4344 548 4397 rium
595 4344 836 4397 adcursu
881 4342 1008 4396 dem
1054 4344 1349 4413 praeyredi
1395 4357 1607 4412 paucos
1654 4342 1978 4412 gegem'iber
2023 4341 2190 4395 steht.
2245 4343 2252 4410 Ι
2305 4348 2388 4397 14.
2427 4341 2751 4396 intentabat.

402 4411 673 4466 Dasselbe
703 4412 948 4481 Zeugma
985 4419 1035 4480 3,
1065 4418 1131 4467 36
1170 4415 1388 4469 domino
1424 4431 1547 4470 cum
1582 4430 1747 4484 voce8‚
1785 4431 1907 4469 cum
1942 4429 2141 4467 manus
2177 4413 2525 4468 intentarent.
2571 4408 2754 4463 Daffir
