3075 4800
1025 229 1241 284 LIBER
1276 229 1421 284 XVI.
1486 228 1618 298 Cap.
1651 234 1876 283 12—15.
2499 230 2627 293 113

276 394 493 479 segnis
537 391 979 475 Pammenem,
1034 391 1319 454 eiusdem
1373 388 1500 454 loci
1558 389 1809 453 exulem
1866 393 1931 453 et
1977 388 2440 454 Chaldaeorum
2491 395 2628 455 arte
2680 417 2707 457 5

277 482 598 547 famosum
645 502 847 565 eoque
893 479 1245 542 multorum
1291 478 1595 543 amicitiis
1640 477 1970 562 innexum,
2029 478 2451 541 similitudine
2500 479 2626 543 for-

277 574 473 634 tunae
538 569 663 634 sibi
728 567 1042 632 conciliat.
1134 565 1448 629 ventitare
1513 567 1593 629 ad
1652 588 1798 629 eum
1860 565 2123 629 nuntios
2189 569 2253 629 et
2311 567 2627 630 consulta·

278 660 489 722 tiones
534 678 664 720 non
710 655 952 719 frustra
994 657 1200 737 ratus,
1257 654 1450 718 simul
1496 676 1773 718 annuam
1817 654 2154 737 pecuniam
2201 675 2239 717 a
2282 653 2351 717 P.
2389 652 2627 718 Anteio

278 744 634 810 ministrari
679 742 1028 826 cognoscit.
1108 763 1317 824 neque
1360 743 1648 806 nescium
1695 742 1973 806 habebat
2008 741 2317 806 Anteium
2364 741 2628 806 caritate

279 831 677 916 Agrippinae
723 830 1004 894 invisum
1038 829 1286 895 Neroni
1332 851 1613 914 opesque
1660 832 1796 894 eius
1842 832 2216 915 praecipuas
2263 830 2344 894 ad
2380 830 2630 894 elicien-
2656 856 2709 896 ιο

279 920 428 983 dam
465 917 831 1001 cupidinem
869 939 1137 1000 eamque
1174 938 1431 982 causam
1467 917 1691 983 multis
1728 920 1926 983 exitio
1965 942 2117 984 esse.
2200 920 2403 1004 igitur
2438 918 2631 982 inter-

281 1007 484 1091 ceptis
530 1005 728 1070 Antei
778 1006 1062 1090 litteris,
1098 1006 1349 1070 furatus
1403 1007 1599 1071 etiam
1645 1007 1924 1092 libellos,
1980 1008 2213 1091 quibus
2269 1007 2404 1071 dies
2459 1008 2634 1091 geni-

280 1097 431 1160 talis
487 1097 625 1160 eius
679 1099 745 1159 et
800 1098 1106 1160 eventura
1150 1095 1412 1159 secretis
1456 1094 1823 1159 Pammenis
1870 1097 2383 1179 occultabantur,
2437 1095 2632 1159 simul

279 1184 570 1268 repertis,
617 1205 780 1267 quae
817 1185 894 1247 de
933 1187 1080 1247 ortu
1114 1183 1374 1266 vitaque
1412 1181 1656 1247 Ostorii
1692 1182 2002 1267 Scapulae
2039 1184 2398 1268 composita
2433 1186 2633 1267 erant,

283 1273 512 1338 scribit
565 1272 645 1335 ad
688 1271 1046 1356 principem
1090 1293 1325 1358 magna
1379 1292 1445 1335 se
1502 1275 1568 1336 et
1622 1293 1784 1355 quae
1829 1271 2259 1337 incolumitati
2305 1273 2440 1336 eius
2485 1293 2633 1336 con-
2660 1296 2711 1337 15

282 1361 612 1444 ducerent,
687 1361 1076 1444 adlaturum,
1149 1361 1205 1425 si
1266 1360 1525 1425 brevem
1600 1359 1778 1423 exilii
1840 1362 2092 1425 veniam
2155 1360 2631 1444 inpetravisset:

285 1451 525 1533 quippe
571 1449 880 1513 Anteium
936 1452 1001 1513 et
1047 1447 1378 1513 Ostorium
1432 1449 1744 1512 inminere
1793 1449 1985 1514 rebus
2041 1453 2105 1513 et
2159 1470 2275 1512 sua
2321 1447 2636 1513 Caesaris-

282 1560 408 1621 que
454 1538 590 1602 fata
636 1537 923 1602 scrutari.
997 1537 1145 1600 exin
1189 1538 1420 1601 missae
1465 1536 1818 1601 liburnicae
1863 1536 2326 1619 advehiturque
2361 1557 2635 1620 propere

287 1625 611 1691 Sosianus.
696 1646 769 1689 ac
813 1624 1078 1710 vulgato
1125 1626 1262 1689 eius
1309 1624 1546 1688 indicio
1592 1627 1762 1688 inter
1806 1626 2141 1690 damnatos
2186 1626 2393 1708 magis
2439 1646 2632 1707 quam

285 1714 455 1778 inter
500 1735 643 1777 reos
690 1712 964 1777 Anteius
1011 1711 1434 1797 Ostoriusque
1477 1712 1907 1797 habebantur,
1963 1713 2119 1777 adeo
2174 1716 2250 1776 ut
2292 1715 2634 1776 testamen-
2663 1738 2715 1777 20

283 1806 425 1867 tum
481 1801 677 1866 Antei
732 1823 922 1865 nemo
979 1802 1377 1888 obsignaret,
1439 1801 1568 1865 nisi
1624 1801 1981 1885 Tigellinus
2036 1805 2261 1865 auctor
2315 1800 2636 1864 extitisset

282 1890 531 1954 monito
585 1891 766 1973 prius
820 1888 1060 1954 Anteio
1069 1941 1087 1975 ,
1142 1912 1224 1954 ne
1285 1912 1614 1974 supremas
1669 1889 1922 1954 tabulas
1977 1892 2350 1953 moraretur.
2443 1891 2635 1972 atque

285 1978 396 2042 ille
457 1977 689 2042 hausto
755 2000 1028 2062 venen0,
1099 1978 1469 2043 tarditatem
1534 1979 1671 2042 eius
1735 1998 2002 2061 perosus
2075 1977 2392 2042 intercisis
2454 1977 2634 2040 venis

284 2069 560 2131 mortem
607 2066 1071 2150 adproperavit.

465 2152 760 2218 Ostorius
805 2154 1177 2238 longinquis
1223 2155 1292 2219 in
1337 2155 1511 2239 agris
1559 2154 1729 2238 apud
1774 2155 1968 2218 finem
2004 2155 2320 2238 Ligurum
2366 2154 2433 2216 id
2477 2157 2634 2217 tem·
2658 2151 2741 2217 15

284 2242 462 2326 poris
518 2246 671 2306 erat.
763 2264 838 2306 eo
894 2244 1128 2307 missus
1188 2245 1475 2307 centurio
1484 2293 1502 2326 ,
1567 2245 1680 2326 qui
1748 2243 2003 2307 caedem
2068 2244 2205 2307 eius
2268 2244 2636 2306 maturaret.

287 2352 478 2395 causa
521 2331 870 2395 festinandi
915 2353 994 2394 ex
1040 2350 1114 2394 eo
1164 2331 1504 2416 oriebatur,
1558 2332 1731 2416 quod
1777 2329 2073 2396 Ostorius
2118 2331 2325 2394 multa
2369 2330 2639 2393 militari

285 2419 459 2484 fama
523 2424 588 2484 et
642 2421 909 2485 civicam
963 2441 1266 2484 coronam
1329 2421 1498 2504 apud
1561 2420 1965 2484 Britanniam
2029 2421 2324 2503 meritus,
2389 2419 2637 2504 ingenti

285 2529 555 2591 corpore
600 2530 1049 2591 armorumque
1106 2509 1374 2572 scientia
1422 2512 1667 2572 metum
1710 2507 1959 2574 Neroni
2013 2509 2277 2593 fecerat,
2331 2529 2412 2570 ne
2466 2509 2640 2571 inva-
2693 2533 2718 2572 5

286 2597 465 2661 deret
510 2596 814 2680 pavidum
858 2618 1113 2679 semper
1158 2600 1224 2660 et
1267 2600 1520 2679 reperta
1564 2619 1769 2681 nuper
1804 2596 2246 2661 coniuratione
2287 2596 2495 2680 magis
2536 2617 2641 2658 ex-

286 2685 602 2749 territum.
692 2685 894 2770 igitur
939 2686 1255 2769 centurio,
1310 2685 1424 2748 ubi
1470 2685 1706 2769 effugia
1750 2685 1943 2749 villae
1993 2685 2250 2768 clausit,
2305 2685 2478 2748 iussa
2523 2684 2638 2746 im-

285 2774 601 2858 peratoris
630 2771 888 2837 Ostorio
927 2774 1150 2857 aperit.
1233 2774 1288 2837 is
1324 2772 1773 2837 fortitudinem
1821 2795 2008 2856 saepe
2045 2774 2384 2837 adversum
2418 2771 2639 2836 hostes

287 2865 643 2944 spectatam
698 2862 766 2924 in
822 2882 888 2925 se
944 2863 1165 2927 vertit:
1221 2865 1287 2925 et
1341 2862 1493 2945 quia
1547 2883 1745 2925 venae
1800 2883 2188 2945 quamquam
2243 2861 2639 2942 interruptae

285 2972 515 3034 parum
571 2951 902 3036 sanguinis
958 2950 1393 3034 effundebant,
1455 2949 1766 3014 hactenus
1828 2972 2023 3012 manu
2089 2949 2256 3013 servi
2319 2968 2501 3032 usus,
2564 2951 2641 3012 ut
2667 2974 2720 3013 ιο

466 3164 514 3212 5.
554 3157 659 3211 Die
689 3156 966 3212 Chaldaer
1001 3157 1137 3212 oder
1167 3159 1534 3213 mathematici
1571 3158 1699 3211 sind
1724 3157 2077 3228 Astrologen.
2131 3158 2139 3227 Ι
2190 3162 2239 3210 8.
2277 3173 2393 3211 non
2425 3158 2641 3223 fmostra

293 3227 474 3281 ‘nicht
519 3228 663 3282 ohne
710 3226 925 3281 Grund’
975 3231 1037 3297 (s.
1084 3247 1154 3282 zu
1202 3235 1259 3296 1,
1298 3234 1393 3298 30,
1434 3233 1487 3299 7)
1533 3229 1737 3298 gehort
1781 3246 1849 3281 zu
1895 3229 2174 3283 ventitaffe.
2234 3232 2243 3294 Ι
2301 3227 2362 3282 Ρ.
2400 3227 2641 3295 Antejus

289 3298 449 3352 hatte
485 3298 759 3365 Ursache,
798 3299 926 3353 dem
960 3299 1109 3354 Nero
1147 3317 1217 3353 zu
1253 3305 1485 3369 zfirnen,
1524 3301 1601 3353 da
1637 3298 1820 3353 dieser
1855 3298 1957 3352 ihn
1991 3297 2073 3351 im
2106 3298 2155 3352 J.
2197 3302 2263 3351 56
2302 3315 2428 3351 zum
2463 3297 2642 3351 Statt-

291 3368 475 3422 halter
500 3386 612 3423 von
640 3369 839 3438 Syrien
875 3369 1199 3439 designiert‚
1238 3370 1374 3424 aber
1407 3370 1469 3424 in
1495 3370 1641 3424 Rom
1668 3368 2147 3439 zun’ickgehalten
2173 3369 2349 3422 hatte.
2402 3373 2484 3436 13,
2507 3374 2591 3421 22.
2627 3368 2635 3440 1

290 3445 341 3493 9.
377 3441 617 3503 nescium
658 3440 969 3509 passivisch
1009 3441 1417 3509 ‘unbekannt'‚
1456 3458 1498 3496 s.
1540 3447 1597 3511 1,
1628 3446 1723 3508 59,
1765 3445 1846 3494 10.
1908 3442 1916 3511 Ι
1978 3446 2060 3493 12.
2099 3440 2216 3494 dies
2286 3439 2507 3493 enitalis
2543 3439 2642 3493 be·

291 3509 546 3564 zeichnet
586 3510 747 3564 nicht
788 3528 895 3565 nur
940 3511 1041 3564 das
1076 3511 1311 3580 Datum,
1361 3512 1601 3566 sondern
1648 3511 1741 3565 die
1787 3508 2183 3580 gleichzeitige
2274 3509 2496 3578 tellung
2542 3509 2643 3562 der

290 3580 589 3649 Planeten‚
637 3581 729 3636 die
764 3581 1205 3652 Konstellation‚
1243 3584 1459 3651 positus
1504 3583 1748 3636 siderum
1793 3587 1851 3650 6,
1891 3586 1976 3634 21.
2048 3578 2179 3649 Vgl.
2219 3578 2640 3634 ebendaselbstz

291 3652 578 3722 yenitalem
611 3653 814 3707 horam.
876 3653 884 3724 Ι
946 3658 1028 3707 13.
1075 3654 1290 3708 secretis
1316 3679 1384 3698 =
1413 3653 1637 3707 occultis
1674 3652 1823 3705 notis
1863 3653 1916 3720 (2
1930 3693 1944 3717 ,
1983 3651 2073 3718 30)
2114 3650 2132 3676 ‘
2149 3649 2210 3702 in
2248 3650 2347 3703 der
2383 3648 2641 3703 Geheim-

293 3721 534 3775 schrift’.
586 3723 595 3792 Ι
647 3727 729 3777 14.
768 3723 881 3777 Der
901 3723 1081 3793 junge
1111 3722 1381 3791 Ostoriu8‚
1419 3724 1620 3776 dessen
1646 3721 1824 3776 Vater
1849 3721 1929 3774 im
1956 3721 2003 3775 J.
2036 3726 2105 3774 50
2134 3720 2217 3773 als
2248 3719 2643 3774 Oberbefehls-

290 3792 472 3846 haber
505 3791 567 3845 in
593 3793 924 3848 Britannien
960 3794 1137 3863 starb‚
1173 3794 1315 3848 wird
1345 3800 1428 3863 12,
1460 3798 1524 3845 31
1559 3792 1849 3848 ehrenvoll
1875 3792 2142 3845 erw‘ahnt.
2194 3791 2203 3862 Ι
2256 3796 2337 3845 17.
2376 3792 2643 3845 inminere

291 3864 450 3917 rebus
490 3864 829 3918 ‘trachteten
855 3866 1005 3918 nach
1033 3865 1133 3918 der
1158 3864 1487 3919 Herrschaft
1514 3864 1614 3917 der
1642 3862 1842 3932 Dinge‚
1881 3862 2133 3916 strebten
2158 3861 2306 3916 nach
2335 3861 2435 3914 der
2463 3860 2642 3915 Welt-

291 3931 628 3987 herrschaft’
670 3933 768 4002 (im
806 3934 1034 3990 Grunde
1078 3935 1337 3990 dasselbe
1381 3934 1488 3989 wie
1532 3937 1571 3989 i.
1609 3937 1768 3990 rebus
1805 3933 2100 4001 Romanis,
2148 3949 2264 3986 was
2301 3932 2488 3985 Ritter
2523 3930 2642 3985 6111-

290 4006 511 4073 gesetzt
545 4004 749 4059 wissen
783 4005 1011 4076 wollte).
1086 4007 1213 4076 Vgl.
1252 4006 1382 4060 hist.
1421 4012 1456 4059 4
1469 4049 1483 4073 ‚
1525 4011 1591 4059 18
1629 4005 2097 4060 validissimarum
2142 4003 2487 4058 ditissimam
2616 4019 2644 4057 e

289 4076 581 4130 nationum
624 4092 790 4146 reyno
825 4078 1156 4133 imminebat.
1217 4079 1225 4150 Ι
1286 4084 1369 4131 22.
1407 4079 1639 4143 monito,
1684 4074 2008 4142 aoristisch‚
2053 4091 2096 4128 s.
2133 4073 2279 4127 Einl.
2319 4080 2348 4139 g
2381 4078 2509 4141 110,
2582 4116 2593 4126 .
2629 4072 2637 4144 Ι

283 4146 449 4215 prins
478 4146 529 4199 d.
550 4147 605 4201 h.
637 4146 740 4201 ehe
770 4147 1037 4202 Sosianus
1069 4147 1291 4201 ankam.
1343 4150 1352 4216 Ι
1402 4153 1487 4201 23.
1514 4148 1711 4201 hausto
1738 4162 1938 4200 veneno
1959 4176 2025 4185 —
2047 4147 2182 4211 eins,
2210 4162 2251 4199 s.
2283 4162 2353 4197 zu
2379 4148 2463 4212 14,
2486 4148 2569 4210 10,
2593 4148 2641 4197 1.

471 4234 569 4290 15.
617 4240 663 4290 1.
703 4237 858 4304 apud
882 4237 1046 4303 fisnem
1074 4238 1216 4290 statt
1242 4236 1306 4289 in
1331 4235 1598 4303 eoetremiS,
1629 4232 1734 4287 wie
1762 4233 1879 4287 Liv.
1911 4238 1960 4301 9,
1991 4238 2039 4300 6,
2071 4237 2137 4285 10
2165 4239 2229 4287 ut
2246 4232 2644 4300 proficiscentes

289 4305 368 4358 ad
403 4306 566 4372 finem
605 4306 950 4375 Campanum
976 4313 1441 4376 prosequerentwr.
1502 4310 1510 4373 1
1569 4311 1619 4358 4.
1667 4305 1896 4359 civicam
1931 4318 2213 4369 eoronam,
2255 4301 2403 4355 nach
2442 4306 2506 4353 12
2520 4344 2533 4368 ‚
2574 4306 2639 4353 31

291 4390 403 4443 qua
432 4392 631 4446 pugna
664 4378 817 4445 filius
854 4379 1020 4449 leyati
1046 4378 1118 4431 M
1120 4422 1130 4433 .
1166 4377 1412 4433 Ostorius
1437 4377 1640 4431 servati
1665 4376 1801 4430 civis
1826 4374 1989 4428 decus
2014 4373 2226 4427 meruit.
2277 4373 2287 4443 Ι
2336 4373 2490 4442 apud
2519 4370 2642 4427 ‘in'.

411 4474 517 4515 mae.
544 4473 712 4516 Amal„
739 4477 803 4516 11.
833 4480 871 4519 2.
2187 4466 2220 4514 8
