3075 4800
1061 249 1277 303 LIBER
1313 250 1455 306 XIII.
1513 250 1665 306 CAP.
1708 256 1932 306 15—17.
2595 253 2677 317 91

319 413 614 496 parciore
662 432 901 475 mensa.
987 411 1120 475 illic
1168 412 1467 496 epulante
1512 412 1907 497 Britannice,
1955 415 2107 498 quia
2143 415 2321 479 cibos
2356 419 2680 500 potusque

321 503 459 565 eius
506 500 790 564 delectus
837 522 916 564 ex
962 501 1276 564 ministris
1323 506 1519 588 gustu
1567 502 1962 587 explorabat,
2006 525 2087 567 ne
2135 505 2541 569 omitteretur
2586 506 2679 569 in-

323 591 621 654 stitutum
693 592 807 652 aut
870 590 1206 672 utriusque
1269 594 1477 654 morte
1540 590 1921 673 proderetur
1984 591 2219 675 scelus,
2283 593 2432 657 talis
2492 593 2679 657 dolus
2699 619 2724 659 5

321 682 617 762 repertus
665 681 779 741 est.
873 678 1136 741 innoxia
1172 678 1379 743 adhuc
1416 700 1490 743 ac
1525 679 1888 762 praecalida
1925 683 1989 743 et
2024 680 2226 744 libata
2264 686 2460 767 gustu
2494 684 2678 765 potio

326 768 605 832 traditur
650 765 1052 851 Britannico;
1109 766 1283 850 dein,
1337 772 1683 851 postquam
1730 768 1980 832 fervore
2027 769 2513 854 aspernabatur,
2569 771 2678 835 fri-

321 856 474 944 gida
519 856 589 920 in
633 877 801 938 aqua
846 855 1222 919 adfunditur
1268 877 1602 941 venenum,
1649 857 1823 940 quod
1868 857 1960 921 ita
2005 861 2270 922 cunctos
2318 859 2454 921 eius
2499 863 2678 923 artus

318 945 631 1029 pervasit,
686 948 761 1008 ut
814 965 941 1008 vox
995 945 1239 1028 pariter
1293 949 1358 1008 et
1413 946 1679 1027 spiritus
1733 949 2124 1029 raperentur.
2225 946 2584 1029 trepidatur
2640 971 2679 1012 a

319 1032 950 1117 circumsedentibuS,
995 1033 1346 1119 diffugiunt
1389 1034 1831 1117 inprudentes:
1879 1038 1947 1098 at
1992 1034 2226 1117 quibus
2264 1034 2456 1098 altior
2493 1036 2676 1099 intel-
2700 1062 2750 1100 ιο

320 1123 547 1205 lectuS,
591 1122 901 1185 resistunt
946 1121 1138 1185 defixi
1176 1125 1242 1185 et
1276 1120 1602 1186 Neronem
1641 1124 1980 1187 intuentes.
2064 1123 2175 1187 ille
2213 1127 2287 1187 ut
2325 1127 2461 1187 erat
2496 1123 2677 1188 recli-

320 1213 425 1277 nis
481 1213 546 1274 et
600 1210 816 1275 nescio
865 1210 1120 1293 similis,
1178 1210 1441 1274 solitum
1490 1211 1581 1274 ita
1625 1212 1718 1274 ait
1762 1233 1877 1295 per
1921 1211 2312 1276 comitialem
2360 1212 2678 1296 morbum,

320 1321 451 1384 quo
513 1300 723 1382 prima
786 1299 867 1362 ab
920 1298 1194 1363 infantia
1248 1299 1684 1364 adflictaretur
1736 1299 2173 1385 Britannicus,
2239 1305 2304 1365 et
2357 1301 2677 1364 redituros

320 1387 637 1474 paulatim
674 1388 850 1451 visus
898 1405 1263 1471 sensusque.
1356 1391 1425 1452 at
1468 1386 1867 1474 Agrippinae
1913 1389 1969 1452 is
2013 1410 2232 1473 pavor,
2279 1411 2353 1453 ea
2398 1393 2678 1454 conster-

319 1478 501 1543 natio
557 1477 819 1560 mentis,
881 1477 1174 1559 quamvis
1229 1476 1415 1540 vultu
1468 1481 1886 1562 premeretur,
1941 1478 2229 1557 emicuit,
2284 1481 2360 1541 ut
2412 1478 2675 1561 perinde
2698 1503 2748 1543 15

320 1567 614 1652 ignaram
669 1564 868 1628 fuisse
924 1570 1106 1646 atque
1151 1562 1483 1629 Octaviam
1540 1587 1826 1630 sororem
1871 1565 2229 1632 Britannici
2286 1568 2676 1632 constiterit:

321 1656 560 1739 quippe
598 1653 722 1717 sibi
760 1674 1130 1737 supremum
1168 1654 1480 1718 auxilium
1518 1659 1811 1738 ereptum
1847 1659 1912 1719 et
1946 1656 2273 1739 parricidii
2311 1656 2677 1739 exemplum

320 1742 752 1829 intellegebat.
836 1740 1103 1806 Octavia
1149 1763 1422 1826 quoque,
1470 1745 1763 1826 quamvis
1808 1745 2075 1808 rudibus
2121 1746 2324 1829 annia,
2370 1745 2676 1829 dolorem,

319 1833 673 1914 caritatem,
720 1831 929 1894 omnis
975 1830 1262 1895 adfectus
1309 1832 1698 1896 abscondere
1744 1833 2068 1897 didicerat.
2153 1835 2244 1898 ita
2288 1838 2440 1917 post
2484 1834 2678 1898 breve

320 1921 650 1986 silentium
696 1921 970 2003 repetita
1014 1920 1292 2008 convivii
1338 1919 1604 1984 laetitia.
2694 1947 2748 1984 20

496 2008 647 2073 Nox
693 2008 912 2072 eadem
958 2029 1178 2073 necem
1223 2007 1581 2072 Britannici
1629 2013 1694 2071 et
1736 2031 1969 2094 rogum
2015 2008 2367 2092 coniunxit,
2413 2010 2674 2092 proviso
2700 2010 2778 2071 17

319 2102 470 2162 ante
514 2097 770 2161 funebri
813 2095 1061 2180 paratu,
1109 2098 1221 2180 qui
1267 2097 1557 2161 modicus
1598 2097 1741 2160 fuit.
1824 2099 1894 2160 in
1930 2116 2156 2179 campo
2195 2100 2412 2161 tamen
2447 2097 2676 2161 Martis

321 2186 611 2270 sepultus
657 2190 756 2249 est
800 2185 958 2249 adeo
1006 2186 1279 2249 turbidis
1325 2185 1659 2267 imbribus,
1705 2190 1778 2248 ut
1824 2184 2057 2271 vulgus
2103 2185 2266 2247 iram
2304 2185 2493 2248 deum
2530 2207 2676 2268 por-

321 2276 499 2340 tendi
544 2274 883 2339 crediderit
928 2274 1232 2338 adversus
1277 2273 1545 2359 facinUS,
1591 2274 1695 2338 cui
1739 2273 2029 2357 plerique
2076 2277 2293 2336 tamen
2337 2274 2675 2339 hominum

320 2364 760 2452 ignoscebant,
807 2364 1109 2447 antiquas
1154 2362 1429 2428 fratrum
1476 2363 1826 2428 discordias
1873 2366 1938 2428 et
1983 2362 2358 2428 insociabile
2403 2385 2676 2450 regnum
2692 2388 2719 2429 5

320 2455 748 2518 aestimantes.
808 2452 1073 2519 tradunt
1098 2452 1388 2536 plerique
1417 2474 1640 2516 eorum
1659 2456 2022 2536 temporum
2044 2453 2406 2538 scriptores,
2434 2454 2675 2517 crebris

321 2547 470 2606 ante
517 2542 784 2606 exitium
830 2541 1055 2605 diebus
1102 2541 1364 2605 iHusum
1410 2542 1536 2605 isse
1582 2542 1896 2624 pueritiae
1932 2540 2293 2605 Britannici
2329 2541 2675 2626 Neronem,

320 2635 396 2695 ut
440 2632 569 2695 iam
613 2651 747 2694 non
789 2633 1195 2713 praematura
1239 2652 1447 2713 neque
1494 2651 1683 2694 saeva
1728 2651 1901 2694 mors
1947 2630 2149 2694 videri
2197 2634 2408 2714 queat,
2455 2652 2677 2713 quam·

324 2926 513 2981 sassen
556 2927 651 2981 bei
685 2927 880 2990 Tisch,
925 2944 1034 2980 nur
1070 2925 1160 2980 die
1197 2926 1435 2980 Manner
1468 2926 1653 2996 lagen.
1696 2930 1705 2995 Ι
1745 2933 1795 2981 4.
1835 2926 2081 2980 delectus,
2157 2925 2232 2978 Es
2270 2924 2348 2978 ist
2383 2924 2476 2978 ein
2506 2942 2672 2994 prae·

324 3005 584 3073 qustator.
660 2997 712 3054 S.
761 3015 828 3050 zu
877 3003 968 3064 12,
1009 3002 1077 3052 66
1122 2997 1380 3052 Halotus.
1433 2998 1441 3068 Ι
1493 3003 1542 3052 6.
1590 2995 1695 3050 Β18
1818 2997 2068 3051 aecalida
2114 2997 2268 3065 potio
2321 2994 2400 3049 ist
2447 2995 2538 3050 die
2587 3013 2674 3050 so-

322 3071 605 3140 genannte
641 3070 804 3123 calda
841 3069 998 3122 (oder
1032 3070 1288 3136 caldum),
1327 3066 1420 3121 ein
1458 3084 1692 3122 warmes
1773 3067 1991 3136 etrank,
2031 3066 2160 3121 dem
2187 3067 2409 3121 Punsch
2447 3085 2516 3119 zu
2553 3084 2674 3121 ver-

322 3141 606 3211 gleichen,
664 3142 779 3193 erst
821 3139 882 3192 in
930 3140 1029 3192 der
1077 3137 1389 3193 Kaiserzeit
1432 3138 1847 3194 vorkommend.
1900 3141 1908 3209 Ι
1960 3145 2008 3193 ’7.
2055 3140 2278 3206 fervore.
2362 3126 2516 3193 Uber
2562 3139 2674 3192 den

324 3212 511 3267 Ablat.
552 3230 593 3267 s.
633 3228 701 3263 zu
739 3216 799 3279 3,
830 3215 923 3276 24,
957 3215 1038 3265 15.
1087 3212 1096 3280 Ι
1145 3216 1227 3263 11.
1274 3211 1533 3265 resistwnt
1583 3209 1689 3264 ‘sie
1724 3209 1953 3264 bleiben
1991 3207 2210 3265 sitzen’.
2259 3214 2268 3278 Ι
2316 3215 2399 3264 15.
2429 3227 2674 3279 premere

326 3281 779 3349 ‘zurfickhalten,
824 3281 1150 3351 verbergen’
1200 3281 1306 3335 wie
1356 3287 1384 3335 1
1398 3326 1412 3350 ,
1451 3287 1486 3334 4
1532 3283 1708 3336 multa
1751 3283 1966 3336 mdicia
2009 3282 2296 3348 saevitiae,
2344 3298 2677 3351 quamquam

312 3360 656 3425 premantur,
693 3370 995 3421 erumpere,
1033 3357 1064 3405 3
1078 3396 1092 3421 ,
1123 3357 1186 3405 11
1226 3353 1673 3435 satin-cohiberet
1708 3369 1777 3407 ac
1805 3359 2065 3421 premeret
2100 3369 2290 3433 sensus
2323 3369 2478 3418 suos,
2525 3359 2575 3419 6,
2607 3357 2676 3406 50

325 3443 471 3481 888
498 3440 752 3549 118888
650 3500 697 3550 1.
735 3441 850 3549 ,181
873 3426 965 3534 1]
991 3411 2346 3549 ..1181118118
2376 3428 2576 3561 81881

322 3582 437 3621 nox
481 3567 666 3621 eadem
710 3565 909 3620 laetam
958 3565 1283 3619 Germanico
1328 3566 1558 3633 quietem
1602 3565 1744 3619 tulit.
1796 3567 1805 3633 Ι
1856 3570 1905 3619 2.
1953 3565 2017 3617 in
2061 3580 2250 3632 eampo
2288 3565 2386 3617 ctt.
2426 3563 2478 3617 d.
2503 3562 2557 3616 h.
2596 3579 2678 3616 lm

326 3635 698 3705 Mausoleum,
753 3635 994 3691 welches
1050 3636 1336 3705 Augustus
1392 3635 1496 3689 auf
1545 3634 1675 3688 dem
1721 3633 2024 3688 Marsfelde
2082 3651 2156 3687 an
2211 3632 2309 3686 der
2354 3631 2527 3685 Tiber
2579 3649 2678 3701 ge-

327 3706 573 3776 grt‘indet
605 3706 779 3762 hatte.
823 3708 831 3780 Ι
871 3713 922 3761 4.
961 3707 1221 3761 adversus
1253 3706 1504 3772 facinus,
1544 3723 1586 3760 s.
1625 3722 1693 3758 zu
1733 3710 1816 3773 12,
1847 3709 1931 3772 54,
1964 3709 2045 3759 16.
2089 3706 2098 3772 Ι
2131 3704 2378 3772 plerique
2414 3735 2484 3744 —
2520 3705 2676 3775 igno-

326 3779 546 3833 scebant
585 3778 733 3831 ‘sehr
758 3777 902 3832 viele
931 3775 1390 3846 entschuldigten
1418 3776 1519 3831 es'.
1585 3775 1699 3829 Das
1728 3774 1980 3828 sittliche
2009 3773 2216 3828 Gefuhl
2244 3774 2343 3828 der
2369 3774 2675 3829 Menschen

325 3865 445 3903 war
520 3864 663 3918 egen
701 3850 810 3903 den
848 3865 909 3902 so
945 3848 1138 3917 haufig
1173 3845 1678 3916 vorgekommenen
1704 3845 2045 3916 politischen
2071 3846 2234 3901 Mord
2263 3846 2560 3917 abgestum
2598 3846 2673 3915 ft;

324 3938 432 3974 nur
507 3936 568 3974 er
602 3920 778 3975 Pobel
816 3918 1085 3989 empfand
1120 3917 1267 3973 noch
1304 3917 1396 3971 ein
1432 3916 1718 3987 geheimes
1748 3916 1973 3971 Grauen
2012 3917 2253 3972 darfiber
2289 3918 2406 3971 und
2442 3918 2576 3989 glau
2618 3921 2677 3972 te

325 4008 399 4045 an
445 3993 555 4046 den
593 3991 736 4045 Zorn
783 3990 884 4046 der
920 3989 1134 4044 Gotter.
1177 3989 1185 4059 l
1229 3994 1275 4044 5.
1324 3990 1584 4058 antiquas
1620 3987 1912 4058 bedeutet,
1962 3988 2086 4042 dass
2123 4005 2181 4043 es
2220 4006 2327 4043 von
2358 3988 2523 4059 jeher
2558 3990 2676 4043 und

323 4063 497 4118 achon
550 4061 612 4115 in
669 4061 779 4116 den
834 4061 1078 4115 altesten
1124 4059 1319 4113 Zeiten
1374 4059 1581 4114 ebenso
1637 4075 1893 4129 gewesen
1949 4059 2056 4128 sei,
2112 4060 2222 4129 vgl.
2273 4066 2366 4129 15,
2409 4066 2440 4113 2
2496 4067 2678 4115 vetera

321 4134 564 4200 fratrum
609 4133 756 4187 odia.
830 4130 1134 4213 Beispiele:
1186 4129 1287 4184 der
1324 4130 1566 4200 jungere
1612 4129 1785 4199 Cyrus
1831 4130 1950 4184 und
1994 4130 2329 4185 Artaxerxes
2344 4174 2357 4199 ,
2403 4129 2675 4184 Romulus

323 4205 441 4258 und
476 4205 713 4272 Remus,
759 4202 1109 4272 griechische
1147 4200 1332 4270 Sagen
1378 4201 1519 4254 fiber
1555 4200 1820 4256 Eteokles
1866 4202 1985 4254 und
2018 4201 2314 4269 Polynices
2351 4200 2469 4253 und
2506 4198 2619 4266 dgl.
2661 4198 2671 4270 Ι

323 4280 373 4330 6.
422 4275 713 4331 aestimare
760 4273 844 4327 ‘in
878 4274 1202 4342 Erwagung
1247 4270 1468 4340 ziehen,
1514 4271 1737 4340 prfifen’
1788 4274 1932 4326 statt
1974 4278 2254 4340 reputare,
2299 4269 2406 4323 wie
2447 4274 2537 4335 15,
2570 4273 2601 4320 2
2639 4286 2678 4320 a

322 4347 412 4400 dis
448 4346 795 4412 aestimatur,
841 4344 973 4399 hist.
1003 4350 1062 4413 2,
1095 4348 1188 4410 763
1226 4349 1286 4409 4,
1317 4346 1403 4396 81.
1446 4345 1454 4412 1
1494 4344 1794 4411 scriptores,
1872 4341 1924 4397 S.
1965 4359 2033 4393 zu
2075 4347 2158 4406 12,
2188 4346 2272 4392 67.
2315 4343 2324 4406 Ι
2367 4344 2413 4391 ’1.
2453 4339 2678 4416 illusum

323 4417 459 4484 i88e5
505 4416 619 4486 vgl.
666 4415 813 4470 Einl.
861 4421 892 4481 ξ
934 4420 1052 4469 114.
1093 4415 1102 4484 1
1144 4418 1193 4468 8.
1240 4430 1427 4480 saeva,
1472 4411 1723 4467 namlich
1769 4428 1877 4465 von
1925 4410 2103 4464 seiten
2150 4409 2248 4460 des
2288 4405 2620 4461 Schicksals.
2663 4407 2671 4477 Ι
