3075 4800
1081 245 1299 299 LIBER
1333 245 1452 299 xv.
1509 244 1661 299 CAP.
1702 249 1928 299 25-28.
2593 243 2681 309 71
2779 240 2782 243 ’

318 413 617 477 vetustas
674 409 1107 491 obsaepserat,
1160 407 1391 493 pergit.
1482 410 1548 471 et
1592 405 1920 471 venientes
1965 405 2269 471 Tiridatis
2315 405 2683 492 Vologesis-

322 520 457 582 que
501 498 578 562 de
624 518 780 581 pace
824 497 1073 581 legatos
1126 494 1300 559 haud
1353 498 1754 578 aspernatus,
1809 494 2104 579 adiungit
2149 494 2229 558 iis
2274 496 2680 561 centuriones

322 607 477 652 cum
522 585 839 650 mandatis
883 604 1018 647 non
1061 583 1424 648 inmitibus:
1477 604 1597 647 nec
1651 583 1821 647 enim
1877 581 2084 647 adhuc
2138 603 2214 646 eo
2260 587 2551 666 ventum,
2606 586 2680 647 ut

322 675 675 740 certamine
720 676 1007 736 extremo
1055 692 1217 754 opus
1262 675 1445 736 esset.
1535 670 1743 734 multa
1786 670 2096 737 Romanis
2143 671 2444 754 secunda,
2489 692 2680 754 quae-
2733 696 2760 737 ⁶

326 763 476 826 dam
519 760 778 825 Parthis
824 760 1126 842 evenisse,
1172 760 1558 824 documento
1604 759 1906 823 adversus
1951 758 2333 847 superbiam.
2410 759 2680 842 proinde

324 853 394 914 et
440 848 714 913 Tiridati
759 848 1113 913 conducere
1168 849 1482 912 intactum
1537 847 2005 913 vastationibus
2049 869 2321 933 regnum
2367 848 2536 913 dono
2584 869 2682 912 ac-

323 938 567 1021 cipere,
638 940 704 1002 et
756 934 1126 1020 Vologesen
1188 935 1419 1001 melius
1473 936 1779 1001 societate
1831 934 2125 1003 Romana
2178 958 2371 1019 quam
2430 936 2680 1001 damnis

326 1026 572 1089 mutuis
632 1026 812 1112 genti
864 1023 1254 1089 Parthorum
1318 1024 1781 1090 consulturum.
1871 1025 2033 1089 scire
2047 1074 2066 1108 ,
2131 1028 2443 1108 quantum
2505 1025 2681 1089 intus

324 1113 791 1179 discordiarum
845 1133 1165 1196 quamque
1220 1112 1566 1177 indomitas
1616 1115 1682 1176 et
1725 1112 2122 1195 praeferoces
2168 1113 2460 1178 nationes
2504 1134 2681 1199 rege—
2709 1138 2762 1177 ιο

334 1206 463 1267 ret:
516 1205 741 1266 contra
794 1202 1169 1284 imperatori
1223 1222 1339 1265 suo
1396 1201 1732 1264 immotam
1786 1200 2027 1284 ubique
2081 1221 2304 1284 pacem
2361 1205 2428 1265 et
2479 1223 2681 1266 unum

329 1290 399 1354 id
439 1289 685 1355 bellum
731 1311 884 1354 esse.
966 1289 1160 1354 simul
1203 1289 1475 1353 consilio
1512 1292 1825 1353 terrorem
1873 1288 2137 1372 adicere,
2183 1292 2250 1353 et
2292 1289 2681 1375 megistanas

320 1376 690 1461 Armenios,
735 1379 848 1461 qui
891 1378 1087 1460 primi
1132 1399 1171 1441 a
1213 1377 1403 1442 nobis
1448 1377 1829 1460 defecerant,
1873 1376 2060 1460 pellit
2099 1377 2375 1461 sedibus,
2419 1377 2684 1443 castella

320 1487 553 1531 eorum
604 1466 913 1550 excindit,
975 1465 1169 1550 plana
1221 1465 1419 1549 edita,
1481 1465 1729 1530 validos
1793 1465 2235 1550 invalidosque
2300 1466 2441 1549 pari
2503 1470 2682 1531 metu

320 1555 624 1639 complet.
2712 1579 2765 1621 ιε

503 1642 658 1708 Non
720 1643 1043 1717 infensum
1104 1662 1224 1707 nec
1286 1663 1434 1707 cum
1495 1641 1722 1706 hostili
1784 1642 1932 1707 odio
1980 1640 2367 1706 Corbulonis
2428 1662 2669 1707 nomen
2701 1642 2785 1707 28

320 1731 521 1799 ,etiam
574 1731 865 1796 barbaris
917 1730 1301 1814 habebatur,
1365 1751 1569 1813 eoque
1624 1729 1966 1795 consilium
2020 1730 2158 1795 eius
2210 1730 2413 1795 fidum
2467 1729 2679 1796 crede-

323 1818 501 1899 bant.
593 1841 749 1905 ergo
794 1819 1151 1905 Vologeses
1195 1839 1404 1901 neque
1450 1822 1638 1882 atrox
1681 1819 1751 1881 in
1796 1840 2138 1902 summam,
2187 1821 2255 1882 et
2299 1818 2691 1902 quibusdam

322 1908 745 1990 praefecturis
791 1908 1073 1971 indutias
1117 1907 1308 1990 petit:
1365 1906 1682 1972 Tiridates
1727 1907 1943 1971 locum
1988 1907 2286 1990 diemque
2336 1906 2681 1990 conloquio

322 1996 553 2078 poscit.
635 2000 890 2079 tempus
925 1996 1380 2079 propinquum,
1424 1995 1625 2079 locus,
1670 1996 1739 2058 in
1781 2016 1909 2077 quo
1954 2016 2161 2078 nuper
2196 1994 2492 2059 obsessae
2533 2015 2681 2060 cum
2737 2021 2762 2061 ⁵

324 2082 526 2147 Paeto
573 2084 859 2170 legiones
897 2086 1097 2166 erant,
1141 2104 1289 2147 cum
1329 2083 1620 2148 barbaris
1657 2082 1940 2148 delectus
1979 2086 2146 2147 esset
2182 2083 2266 2146 ob
2303 2083 2681 2147 memoriam

324 2166 615 2237 laetioris
661 2172 786 2237 sibi
830 2173 952 2257 rei,
1008 2170 1291 2236 Corbulo
1336 2192 1471 2236 non
1512 2172 1705 2254 vitat,
1758 2175 1834 2236 ut
1878 2171 2336 2237 dissimilitudo
2383 2171 2681 2236 fortunae

323 2259 603 2346 gloriam
649 2263 926 2347 augeret
1008 2281 1217 2343 neque
1262 2260 1529 2324 infamia
1561 2258 1748 2324 Paeti
1792 2260 2165 2346 angebatur,
2211 2260 2384 2343 quod
2429 2282 2506 2324 eo
2552 2281 2682 2325 ma—

322 2350 499 2413 xime
550 2350 792 2434 patuit,
859 2349 1011 2433 quia
1069 2348 1208 2412 filio
1265 2348 1401 2414 eius
1454 2348 1718 2413 tribuno
1783 2348 2012 2413 ducere
2065 2346 2430 2433 manipulos
2490 2352 2682 2433 atque

326 2439 578 2521 operire
630 2437 936 2522 reliquias
989 2436 1193 2501 malae
1246 2458 1501 2590 puffae
1551 2438 1908 2521 imperavit.
2001 2436 2103 2500 die
2147 2440 2337 2519 pacta
2381 2435 2677 2501 Tiberius
2708 2465 2761 2504 10

324 2524 717 2610 Alexander,
772 2526 1063 2590 inlustris
1117 2547 1312 2609 eques
1419 2546 1714 2609 omanus,
1768 2525 2062 2590 minister
2115 2524 2287 2589 bello
2346 2525 2559 2609 datus,
2617 2529 2682 2589 et

326 2698 432 2753 Bei
462 2705 747 2824 fficio-are
782 2700 887 2755 iter
908 2699 1089 2769 ·(nach
1114 2698 1393 2769 Analogie
1428 2716 1543 2753 von
1571 2700 1814 2770 peryere)
1850 2697 1992 2753 vird
2028 2715 2104 2752 an
2140 2697 2232 2751 die
2260 2685 2682 2769 Ubervindung

328 2786 439 2824 von
521 2768 533 2780 ’
577 2768 868 2825 dez-nissen
903 2769 1166 2852 &dachn
1202 2769 1310 2853 urie
1345 2767 1425 2824 im
1452 2768 1736 2850 silbernen
1763 2768 1965 2852 Latein
1990 2771 2196 2850 gesagt
2219 2768 2364 2822 wird
2391 2776 2681 2838 penetrare

326 2858 431 2968 ger
473 2882 580 2965 mii,
624 2910 725 2965 der
760 2842 1496 2994 Ζείᾑᾝ-ἷῑοῗῡῗιέῗῖᾝθρι
1517 2840 1808 2967 '2333ssAE
1842 2843 2124 2979 Wegtiies
2160 2839 2683 2964 Luoffifflgtv'vigig'}

480 2980 585 3036 bar
608 2981 876 3052 gemacht
902 2982 1073 3036 ward.
1108 2984 1117 3051 Ι
1158 2987 1208 3037 5.
1237 2988 1527 3038 cer-tumme
1556 2988 1788 3038 extremo
1820 2981 2071 3036 ‘combat
2097 2983 2133 3034 a
2159 2983 2445 3050 outrance,
2472 2980 2687 3050 Kampf

327 3051 433 3105 auf
582 3067 652 3106 en
696 3052 813 3106 und
848 3052 1013 3106 Tod’.
1074 3055 1082 3121 Ι
1142 3059 1189 3107 6.
1238 3054 1556 3108 documento
1601 3053 1862 3107 adversm
1903 3053 2215 3121 superbiam
2257 3069 2385 3106 zum
2428 3050 2679 3106 Beweise

324 3122 651 3192 gegenfiber
684 3123 818 3177 dem
853 3111 1155 3190 Ubermut,
1192 3123 1246 3178 d.
1274 3123 1330 3177 h.
1371 3123 1390 3151 ‘
1404 3140 1502 3176 zur
1535 3122 1835 3192 Warnung
1870 3139 1968 3177 vor
2004 3110 2327 3176 Ubermut'.
2402 3110 2553 3176 Uber
2587 3122 2681 3177 die

324 3192 754 3263 ursprflngliche
789 3193 1128 3274 Bedeutung
1162 3210 1271 3248 von
1305 3194 1567 3249 adversus
1603 3210 1644 3247 s.
1684 3211 1753 3247 zu
1791 3199 1875 3263 12,
1909 3198 2004 3260 54,
2037 3199 2120 3247 16.
2180 3195 2189 3262 Ι
2250 3199 2334 3248 10.
2367 3194 2680 3262 praeferox,

320 3280 372 3317 s.
410 3281 480 3316 zu
512 3269 566 3333 4,
597 3270 684 3334 60,
715 3270 799 3319 18.
859 3269 869 3331 Ι
935 3270 1018 3318 12.
1056 3264 1162 3319 Die
1197 3266 1515 3334 ’παρέστακε
1556 3263 1830 3333 ‘Gi-ossen,
1866 3263 2220 3333 Magnaten'‚
2259 3264 2404 3317 auch
2439 3263 2534 3318 bei
2570 3263 2681 3318 den

318 3336 590 3403 spateren
626 3334 903 3390 Griechen
937 3343 1276 3406 μεγιστᾶνες,
1311 3334 1538 3390 werden
1571 3334 1894 3390 aurserdmn
1929 3351 2039 3389 von
2075 3335 2289 3389 Seneca
2322 3333 2442 3388 und
2469 3333 2681 3389 Sueten

322 3404 594 3460 erwahnt.
644 3408 653 3475 Ι
712 3412 797 3460 14.
828 3407 1010 3475 plana
1036 3436 1106 3447 —
1133 3407 1561 3475 invalidosque,
1596 3405 1712 3475 vgl.
1744 3411 1828 3473 11,
1859 3411 1891 3459 6
1929 3406 2253 3460 inimicitias
2290 3407 2678 3471 accusationes,

320 3477 456 3531 odia
498 3483 559 3531 et
600 3476 872 3543 iniimus,
920 3482 1013 3543 12,
1058 3481 1124 3530 17
1169 3493 1329 3532 arm
1372 3479 1735 3543 munimenta,
1785 3477 2035 3544 impediti
2076 3476 2180 3532 vel
2224 3477 2514 3531 eminentes
2555 3477 2679 3543 loci,

326 3562 514 3603 ammes
563 3563 641 3602 ue
678 3554 739 3603 et
771 3548 934 3604 wrboe
968 3565 1023 3600 u.
1052 3562 1102 3602 a.

322 3668 331 3677 .
585 3652 604 3672 0
658 3624 709 3672 2.
755 3620 1055 3674 habebatwr
1102 3617 1287 3671 ‘ward
1330 3617 1701 3672 betrachtet'.
1778 3615 1906 3686 Vgl.
1946 3634 2015 3669 zu
2065 3621 2159 3685 12,
2194 3620 2266 3670 48
2313 3632 2467 3670 omne
2510 3617 2682 3672 scelus

320 3693 609 3746 externum
651 3705 775 3744 cum
819 3690 1035 3744 laetitia
1077 3689 1401 3743 habendum.
1458 3692 1465 3755 Ι
1526 3693 1577 3743 3.
1634 3689 1696 3742 in
1741 3704 2008 3743 summam
2054 3686 2203 3741 nach
2245 3686 2524 3756 Analogie
2572 3703 2681 3741 von

326 3758 393 3811 in
422 3763 613 3827 town,
648 3760 714 3813 in
745 3761 1064 3815 universum
1100 3756 1202 3812 ‘im
1236 3774 1469 3829 gamen,
1505 3757 1868 3827 uberhaupt&
1930 3756 2060 3828 Vgl.
2090 3756 2222 3812 hist.
2252 3762 2303 3826 2,
2334 3761 2401 3811 16
2436 3758 2583 3812 nihil
2616 3759 2680 3811 in

322 3844 593 3884 emmam
628 3830 960 3899 profutura,
1006 3828 1118 3884 Cic.
1156 3828 1232 3883 ad
1265 3828 1384 3884 Att.
1426 3834 1475 3897 7,
1512 3834 1606 3898 13,
1645 3835 1675 3882 1
1715 3830 1791 3884 ad
1823 3845 2094 3883 summam
2119 3828 2429 3897 profectum
2462 3829 2681 3898 aliquid

318 3905 478 3968 puto,
514 3898 631 3955 Liv.
661 3906 757 3968 84,
787 3907 847 3970 3,
876 3906 908 3955 5
946 3902 998 3955 si
1036 3943 1047 3955 .
1079 3940 1092 3954 .
1123 3943 1135 3955 .
1173 3901 1239 3954 in
1270 3916 1538 3955 summam
1566 3900 1804 3969 prodest.
1862 3901 1872 3971 Ι
1928 3905 1980 3952 4.
2015 3900 2392 3968 praefecum-ae
2427 3901 2680 3969 (στρατη-

326 3966 469 4038 γίαι)
508 3968 634 4024 sind
671 3969 765 4025 die
799 3970 1109 4026 Provinzen
1144 3987 1251 4025 von
1286 3969 1558 4025 Parthien
1592 3970 1710 4024 und
1745 3968 2065 4024 Armenien.
2124 3973 2134 4039 Ι
2193 3975 2243 4024 6.
2280 3971 2515 4025 delectus
2549 3976 2680 4025 esset

322 4038 530 4109 gehbrt
566 4039 651 4095 als
687 4041 965 4095 Pradikat
1006 4042 1154 4096 auch
1189 4060 1258 4095 zu
1294 4048 1397 4097 tem
1505 4086 1516 4097 .
1577 4040 1587 4113 Ι
1646 4042 1712 4096 ob
1751 4041 2090 4107 memoriam,
2136 4058 2179 4094 s.
2218 4058 2287 4093 zu
2325 4045 2419 4107 13,
2449 4046 2544 4109 56,
2572 4047 2624 4094 4.
2668 4041 2674 4110 Ι

329 4115 412 4190 10..
441 4113 671 4190 ‚operm
705 4114 970 4181 reliquia-s
1004 4111 1334 4167 bezeichnet
1409 4129 1471 4167 as
1507 4110 1823 4194 Regi-§.bnis
1860 4111 1961 4166 der
1996 4110 2248 4193 Gebeine
2292 4110 2409 4164 und
2433 4110 2538 4166 ‘die
2574 4110 2679 4163 Be-

316 4196 589 4332 {giberius
623 4181 960 4323 ffeliffndes
996 4199 1090 4326 ἔζη
1127 4182 1695 4335 ¹aggrptis‹iiiiii-1101111i5d23
1696 4182 1874 4307 0531?
1883 4184 2234 4307 Heideiilzvu’ni⁵
2240 4181 2675 4333 'ffeffg’gezibtzhi

325 4322 469 4401 wird
504 4328 574 4403 ὅ]
611 4322 848 4379 Prafekt
881 4341 993 4380 von
1024 4325 1292 4394 Agypten
1329 4325 1447 4379 und
1482 4327 1563 4378 ist
1597 4342 1676 4378 nn
1711 4323 1760 4379 J.
1801 4329 1869 4377 70
1905 4322 2223 4392 praefectus
2258 4324 2542 4392 praetorio
2578 4322 2679 4375 des

326 4390 489 4446 Titus
524 4410 587 4447 m
621 4393 825 4449 Judaa.
858 4395 868 4465 Ι
914 4401 998 4450 11.
1044 4396 1297 4452 inlusa-is
1331 4395 1385 4450 d
1413 4396 1470 4449 h.
1498 4395 1607 4450 mit
1641 4392 2080 4450 senatorischem
2114 4392 2340 4449 Census.
2383 4396 2391 4462 1
2432 4394 2680 4449 minister
