3075 4800
1067 249 1283 304 LIBER
1316 249 1433 304 XV.
1493 248 1649 303 cAP.
1689 252 1915 304 23-25.
1997 252 2002 257 ·
2574 250 2661 316 69

312 413 658 498 Vologesis
703 413 1080 496 litterasque
1125 412 1193 474 in
1240 411 1505 475 eandem
1551 411 1827 476 formam
1874 402 2172 475 attulere:
2224 432 2292 475 se
2327 411 2554 495 'priora
2597 416 2664 477 et

311 503 552 567 totiens
598 503 834 565 iactata
878 522 1070 583 super
1116 499 1466 564 obtinenda
1509 497 1819 564 Armenia
1865 518 2038 563 nunc
2083 500 2407 583 omittere,
2464 521 2663 583 quon-

314 592 443 654 iam
499 589 591 672 di,
657 588 949 673 quamvis
1003 588 1367 670 potentium
1423 588 1812 672 populorum
1875 587 2129 673 arbitri,
2191 589 2661 672 possessionem

312 677 570 743 Parthis
624 697 757 740 non
801 677 939 741 sine
984 676 1342 760 ignominia
1385 675 1681 740 Romana
1724 674 2152 740 tradidissent.
2241 698 2448 760 nuper
2492 675 2661 741 clau-
2717 702 2745 742 5

313 788 456 832 sum
493 764 842 851 Tigranen3
884 768 1034 848 post
1068 763 1340 828 Paetum
1377 764 1792 850 legionesque
1836 786 1984 829 cum
2030 766 2392 847 opprimere
2427 768 2665 850 posset,

312 853 666 919 incolumes
710 852 1045 917 dimisisse.
1128 852 1288 917 satis
1333 852 1753 937 adprobatam
1798 853 1959 938 vim3
2005 852 2226 916 datum
2272 856 2338 917 et
2377 853 2666 918 lenitatis

313 941 839 1025 experimentum.
929 960 1049 1004 nec
1111 944 1556 1004 recusaturum
1620 939 1950 1005 Tiridaten
2023 941 2391 1024 accipiendo
2456 941 2666 1005 diade·

313 1030 473 1094 mati
537 1030 606 1092 in
668 1028 896 1092 urbem
960 1029 1206 1113 venire,
1274 1029 1404 1093 nisi
1478 1029 1820 1094 sacerdotii
1886 1029 2198 1116 religione
2267 1030 2663 1095 attineretur.
2717 1088 2724 1093 .

314 1120 557 1183 iturum
622 1118 703 1182 ad
766 1118 953 1203 signa
1013 1120 1082 1182 et
1142 1116 1392 1203 effigies
1455 1118 1792 1202 principis,
1854 1118 1970 1181 ubi
2024 1117 2389 1203 legionibus
2449 1139 2663 1183 coram
2692 1138 2752 1182 m

315 1228 590 1294 regnum
634 1206 1085 1290 auspicaretur.
2279 1231 2289 1238 ·

493 1294 546 1358 Τ
618 1294 756 1358 ‘bus
809 1293 981 1359 Volo
1029 1294 1155 1358 esis
1208 1293 1472 1376 litteris,
1532 1295 1686 1377 quia
1736 1292 1975 1358 Paetus
2032 1293 2283 1358 diversa
2335 1298 2666 1379 tamquam
2685 1291 2775 1356 25

239 1438 244 1445 .
313 1384 506 1448 rebus
553 1382 821 1469 integris
868 1384 994 1448 scri
1040 1381 1206 1468 ebat,
1254 1383 1690 1467 interrogatus
1733 1383 2043 1466 centuri0,
2091 1382 2203 1466 qui
2247 1402 2394 1446 cum
2435 1384 2668 1468 legatis

317 1472 687 1556 advenerat,
742 1492 871 1555 quo
921 1471 991 1535 in
1037 1475 1212 1536 statu
1256 1468 1567 1535 Armenia
1619 1474 1811 1554 esset,
1866 1491 2088 1535 omnes
2146 1470 2295 1534 inde
2339 1469 2669 1536 Romanos

314 1561 662 1625 excessisse
697 1560 1046 1643 respondit.
1119 1563 1261 1623 tum
1306 1559 1637 1624 intellecto
1683 1559 2027 1623 barbarum
2074 1558 2297 1642 inrisu,
2344 1561 2456 1642 qui
2497 1563 2670 1642 pete-

315 1652 477 1732 rent,
524 1647 698 1732 quod
743 1649 1137 1732 eripuerant,
1192 1647 1518 1712 consuluit
1572 1649 1742 1711 mter
1784 1647 2100 1730 primores
2146 1646 2429 1711 civitatis
2472 1646 2669 1731 Nero,
2723 1671 2750 1712 ε

314 1735 559 1800 bellum
612 1757 847 1819 anceps
901 1758 986 1800 an
1038 1757 1166 1821 pax
1220 1735 1561 1801 inhonesta
1614 1735 1911 1819 placeret.
2002 1756 2121 1799 nec
2171 1734 2536 1800 dubitatum
2592 1737 2671 1799 de

312 1822 512 1888 bello:
558 1828 625 1888 et
662 1822 945 1888 Corbulo
990 1824 1273 1888 militum
1319 1828 1512 1908 atque
1558 1822 1846 1888 hostium
1889 1827 1993 1888 tot
2041 1845 2158 1908 per
2193 1844 2396 1891 annos
2431 1846 2671 1910 gnarus

317 1912 629 1998 gerendae
672 1914 768 1976 rei
812 1913 1209 1996 praeficitur,
1258 1933 1340 1977 ne
1386 1914 1570 1977 cuius
1615 1913 1880 1977 alterius
1925 1912 2182 1977 inscitia
2226 1934 2484 1977 rursum
2528 1934 2671 1998 pec-

318 2004 597 2085 caretur,
661 2002 814 2084 quia
865 2000 1048 2065 Paeti
1102 2001 1414 2086 piguerat.
1507 2002 1710 2088 igitur
1761 2002 1955 2066 ,inriti
2011 2002 2458 2085 remittuntur,
2521 2022 2668 2066 cum

317 2090 505 2154 donis
539 2092 774 2173 tamen,
819 2089 987 2153 unde
1023 2110 1169 2172 spes
1205 2089 1390 2154 fieret
1432 2110 1568 2153 non
1601 2090 1844 2155 frustra
1879 2089 2097 2153 eadem
2137 2093 2469 2153 oraturum
2507 2087 2669 2154 Tiri-
2697 2112 2751 2152 10

318 2178 528 2262 daten,
574 2179 630 2242 si
673 2198 892 2261 preces
937 2179 1074 2260 ipse
1120 2177 1459 2242 attulisset.
1553 2176 1904 2263 Suriaeque
1950 2178 2275 2242 exsecutio
2326 2175 2392 2241 0.
2435 2176 2668 2263 Cestio,

318 2267 541 2350 copiae
586 2266 897 2349 militares
942 2264 1295 2330 Corbuloni
1350 2268 1725 2351 permissae,
1779 2270 1845 2330 et
1900 2266 2126 2350 quinta
2178 2266 2446 2330 decuma
2496 2266 2669 2353 legio

496 2491 594 2548 24.
652 2500 699 2546 2.
747 2494 811 2546 in
855 2494 1080 2547 eandem
1122 2493 1360 2560 formam
1401 2493 1907 2564 ‘gleichlautend’,
1951 2491 2062 2563 vgl.
2105 2499 2199 2561 13,
2235 2498 2303 2545 41
2347 2494 2569 2564 aliaque
2609 2496 2673 2549 in

316 2565 540 2619 eandem
574 2564 811 2631 somam
845 2565 1224 2618 decernuntur.
1276 2565 1286 2633 Ι
1337 2569 1385 2617 3.
1423 2581 1589 2632 snper
1621 2563 1728 2618 mit
1754 2563 1879 2618 Abl.
1915 2563 2150 2634 gerund.
2186 2562 2295 2617 wie
2330 2563 2463 2619 Hor.
2501 2579 2671 2619 earm.

317 2650 461 2689 saec.
503 2639 569 2688 18
613 2651 777 2703 super
818 2634 1086 2705 iuyandis
1125 2634 1362 2702 feminis.
1424 2637 1432 2703 Ι
1491 2640 1540 2688 8.
1579 2636 2002 2703 εωρεῆτηεηὺιυηι
2042 2634 2316 2688 ‘Beweis'
2360 2632 2537 2689 durch
2578 2635 2673 2689 die

316 2704 496 2774 That,
538 2704 646 2758 wie
686 2710 778 2773 13,
817 2710 887 2759 24
914 2705 1096 2773 plebes
1131 2706 1290 2760 daret
1323 2706 1749 2774 experimentum
1794 2722 1872 2759 an
1898 2736 1967 2746 -
1994 2706 2314 2760 modestiam
2349 2707 2614 2761 retineret.
2659 2707 2668 2778 Ι

316 2778 635 2845 aeet‘piendo
679 2775 993 2830 diademati.
1066 2774 1181 2829 Der
1225 2774 1395 2829 Dativ
1441 2775 1540 2858 des
1587 2774 1996 2859 Gerundivums
2042 2774 2139 2830 bei
2173 2774 2377 2829 Verbis
2428 2776 2529 2830 der
2567 2776 2673 2858 βο-

314 2862 560 3016 ἷὲοείῃὺὲξ
581 2850 795 2987 edgar?
808 2847 1256 2997 'Soffigegceireyere-
1294 2847 2002 3013 Ιξῗγέἔῗαᾶῧῗὲιξίυῇῗῗὶἷ.
2055 2844 2514 2985 Pbgnggcssffitii
2545 2847 2675 3002 refellit-3

318 3057 438 3139 also
476 3075 543 3110 zu
556 2987 766 3111 deffilin
779 2985 1428 3114 8ξέἲηῖεὲᾓίήέᾃὲθὲ
1439 2986 1773 3137 Ἓξὴῆἳιθῖ
1796 2988 2196 3139 &zmegma
2256 3074 2323 3139 or
2353 2988 2673 3112 {tessfFelds

321 3128 554 3182 zeichen
585 3127 778 3182 wollte
816 3144 877 3182 er
913 3128 1201 3183 schwbren
1245 3127 1362 3181 und
1408 3144 1506 3182 vor
1544 3128 1674 3182 dem
1709 3127 1991 3182 Bildmsse
2028 3129 2126 3183 des
2161 3129 2391 3183 Kaisers
2427 3128 2673 3185 lmieend

318 3199 421 3252 das
457 3197 696 3252 Diadem
735 3197 990 3268 ablegen.
1068 3197 1120 3253 S.
1160 3198 1265 3268 ΚΡ.
1299 3203 1382 3267 16,
1413 3204 1462 3252 5.

495 3268 592 3324 25.
640 3275 690 3323 4.
730 3256 885 3323 Uber
921 3270 1215 3324 barbarum
1247 3271 1391 3323 statt
1416 3269 1777 3324 barbarorum
1813 3287 1854 3324 s.
1886 3287 1955 3323 zu
1985 3275 2068 3339 14,
2096 3276 2180 3324 39.
2234 3271 2242 3342 Ι
2292 3276 2342 3325 6.
2379 3287 2479 3326 nee
2513 3272 2672 3327 dubi-

316 3344 492 3394 tatwm
527 3341 595 3394 de
630 3341 795 3394 bello:
839 3346 890 3395 et
928 3339 1175 3394 Cor-bule.
1249 3338 1513 3394 Dieselbe
1549 3338 1962 3410 Verkm‘ipfung
1998 3341 2097 3396 der
2133 3340 2298 3395 Satze
2332 3339 2464 3397 hist.
2506 3347 2536 3395 2
2549 3386 2563 3412 ,
2606 3349 2673 3397 14

317 3426 416 3465 nee
446 3426 601 3465 mora
629 3411 869 3478 proelio.-
904 3416 955 3465 et
981 3411 1144 3476 acies,
1181 3426 1307 3465 ann.
1339 3416 1391 3479 4,
1423 3415 1490 3465 ’10
1515 3427 1617 3465 nee
1640 3427 1798 3466 mora
1817 3413 1961 3492 gwin
1986 3412 2385 3467 decerneretur.-
2419 3420 2471 3468 et
2495 3416 2678 3470 trahe-

317 3481 484 3535 batur
524 3481 836 3535 damnatae.
896 3488 906 3540 ο
966 3485 1016 3534 8.
1046 3481 1339 3549 praeficere
1381 3480 1490 3535 mit
1535 3481 1665 3536 dem
1698 3481 1867 3535 Dativ
1904 3482 2003 3537 des
2042 3480 2450 3536 Gerundivums
2497 3484 2679 3539 sehon

315 3550 412 3604 bei
454 3550 566 3605 Cic.
607 3551 676 3604 de
713 3551 879 3605 domo
916 3556 979 3619 8,
1009 3556 1079 3605 20
1117 3551 1251 3607 bello
1283 3552 1533 3622 yerendO.
1599 3551 1727 3621 Vgl.
1769 3557 1862 3621 13,
1900 3558 1932 3606 8
1973 3552 2326 3607 Corbulonem
2362 3556 2690 3610 retinendae.

323 3621 622 3676 Armeniae
649 3627 1060 3690 praeposuerat.
1120 3621 1129 3693 Ι
1187 3623 1417 3677 alterins
1453 3624 1598 3676 statt
1634 3623 1732 3676 des
1771 3621 2025 3677 seltenen
2058 3622 2153 3677 bei
2188 3622 2319 3678 Tac.
2357 3622 2518 3678 nicht
2551 3642 2673 3679 vor-

321 3690 697 3745 kommenden
731 3689 994 3746 Genetivs
1031 3692 1181 3747 alins
1224 3691 1332 3748 wie
1366 3693 1499 3762 Agr.
1542 3698 1600 3761 53
1640 3697 1727 3761 17,
1772 3692 1903 3748 hist.
1943 3699 1975 3748 2
1988 3737 2002 3761 ,
2042 3699 2112 3748 90
2148 3696 2211 3763 (s.
2251 3692 2463 3748 Sirker:
2510 3694 2674 3749 Taci-

323 3759 538 3815 teische
573 3761 967 3817 Formenlehre
1003 3761 1056 3816 S.
1085 3766 1191 3833 45).
1254 3764 1263 3834 Ι
1323 3769 1405 3818 11.
1453 3763 1655 3818 Sua-iae
1690 3765 1958 3819 eaeseeutio
1996 3763 2112 3818 ‘die
2145 3763 2531 3819 vollziehende
2568 3764 2675 3820 Ge-

322 3829 464 3885 walt
497 3830 560 3885 in
587 3831 825 3901 Syrien'.
884 3833 1039 3889 Ganz
1073 3834 1275 3888 anders
1311 3833 1390 3888 ist
1425 3839 1476 3902 3,
1504 3839 1572 3887 31
1611 3836 2002 3889 exsecutionem
2035 3836 2154 3889 eius
2188 3837 2391 3906 neyotii
2423 3838 2673 3907 suscepit.

313 3900 443 3972 Vgl.
494 3901 706 3971 jedoch
761 3902 872 3960 Cic.
933 3922 988 3974 p.
1037 3903 1175 3959 Sest.
1227 3910 1288 3974 5,
1338 3911 1404 3959 13
1468 3912 1764 3973 quaestura
1818 3905 2198 3960 Macedoniae.
2271 3905 2385 3960 Der
2437 3905 2678 3962 Genetiv

312 3972 465 4027 steht
519 3972 613 4027 fiir
671 3973 765 4029 ein
820 3973 929 4044 Adj
937 3973 1090 4028 ektiv
1144 3976 1260 4029 und
1318 3975 1335 4001 ‘
1348 3974 1508 4056 glebt
1572 3974 1915 4031 entferntere
1967 3975 2278 4030 Merkmale
2335 3976 2435 4030 des
2490 3977 2685 4048 Ortes,⁷

312 4043 413 4097 der
459 4042 607 4113 Zeit,
662 4045 764 4099 der
808 4045 1118 4099 Umstande
1166 4061 1265 4114 an,
1325 4045 1418 4099 die
1467 4044 1573 4100 wir
1614 4045 1731 4100 fast
1773 4045 1971 4100 immer
2014 4047 2190 4100 durch
2242 4045 2684 4117 Prapositionen

315 4114 671 4169 ausdrucken
726 4115 834 4170 wie
889 4116 1068 4171 civilis
1122 4117 1247 4171 belli
1298 4117 1570 4171 victoria'.
1646 4115 2133 4186 Seyffert-Mfisser
2186 4135 2254 4170 zu
2299 4116 2451 4172 Lael.
2504 4124 2564 4188 8,
2606 4125 2679 4175 1124

419 4202 476 4240 m
547 4193 729 4241 autem
793 4187 1007 4242 civitati
1067 4202 1230 4241 carus
1243 4255 1255 4266 .
1289 4188 1487 4254 fuerit,
1563 4203 1804 4243 maerore
1864 4189 2080 4255 sumeris
2140 4189 2447 4244 indicatum
2507 4195 2599 4245 est.
2648 4190 2676 4315 ὲ

357 4297 368 4308 .
420 4255 633 4311 Cestius
685 4274 744 4309 m
867 4255 1122 4311 derselbe
1178 4271 1325 4325 sem,
1382 4257 1482 4311 der
1528 4258 1701 4314 sehon
1759 4264 1791 4311 3
1804 4301 1819 4327 ,
1867 4263 1935 4312 36
1990 4258 2075 4312 als
2131 4257 2367 4312 Senator
2419 4259 2647 4313 erwahn

308 4324 485 4451 *vg-{t
498 4326 616 4381 und
672 4343 780 4381 nac
867 4327 997 4381 hist.
1045 4331 1104 4395 5,
1145 4332 1214 4381 10
1260 4344 1356 4382 um
1402 4326 1504 4381 das
1548 4328 1686 4383 Jahr
1731 4333 1798 4382 66
1846 4328 1930 4384 als
1965 4327 2277 4385 Verwalter
2321 4346 2430 4384 von
2475 4329 2674 4400 Syrien

315 4413 341 4450 s
487 4442 499 4453 .
