3075 4800
420 208 506 273 88
775 208 1119 264 CORNELII
1153 208 1394 264 TACITI
1429 208 1527 262 AB
1564 206 1887 263 EXCESSU
1920 207 2075 262 DIVI
2111 205 2431 262 AUGUSTI

420 373 636 455 posita
697 370 895 435 nullis
952 369 1230 435 testibus
1292 371 1577 435 innisum
1632 369 1821 435 facile
1875 369 2252 435 confutavit.
2344 369 2455 434 sed
2506 370 2651 453 ipsa
2715 371 2798 434 in

423 459 719 526 custodia
761 462 1012 523 retenta
1058 463 1172 544 est,
1219 462 1628 543 suspectante
1668 457 1929 524 Nerone
1972 459 2146 523 haud
2181 458 2348 524 falsa
2383 480 2539 542 esse,
2582 459 2794 523 etiam

424 570 589 631 quae
634 569 785 611 vera
829 568 963 611 non
1005 547 1462 630 probabantur.

313 639 402 705 52
603 634 968 700 Coniuratis
1012 640 1232 701 tamen
1275 640 1454 700 metu
1498 637 1885 720 proditionis
1934 637 2246 720 permotis
2290 635 2789 719 placitum-ana-

421 728 639 789 turare
693 725 949 789 caedem
1005 725 1175 808 apud
1229 725 1421 789 Baias
1475 725 1545 789 in
1599 725 1756 789 villa
1807 724 2091 809 Pisonis,
2154 726 2338 790 cuius
2391 725 2794 789 amoenitate

423 817 650 897 captus
706 811 937 878 Caesar
1000 813 1225 878 crebro
1289 812 1650 878 ventitabat
1712 814 2102 898 balneasque
2164 818 2231 879 et
2292 813 2514 897 epulas
2574 813 2798 887 inibat

424 901 680 966 omissis
735 902 1022 966 excubiis
1079 906 1146 965 et
1198 901 1495 967 fortunae
1547 923 1700 967 suae
1745 903 1931 967 mole.
2023 903 2134 967 sed
2179 902 2409 967 abnuit
2449 900 2630 984 Piso,
2687 902 2796 965 in·—

367 1019 394 1061 5
422 992 662 1055 vidiam
723 990 1167 1075 praetendens,
1230 991 1287 1056 si
1351 1012 1530 1056 sacra
1593 987 1851 1056 mensae
1916 991 2109 1074 dique
2172 990 2525 1074 hospitales
2590 991 2798 1055 caede

426 1080 913 1166 qualiscumque
966 1079 1278 1163 principis
1334 1075 1848 1146 cruentarentur:
1912 1080 2143 1144 melius
2199 1080 2370 1163 apud
2432 1079 2657 1142 urbem
2714 1079 2793 1142 in

424 1167 539 1233 illa
582 1170 793 1232 invisa
843 1173 912 1232 et
955 1168 1182 1252 spoliis
1228 1169 1466 1233 civium
1514 1173 1808 1234 extructa
1852 1169 2043 1232 domo
2099 1169 2201 1232 vel
2247 1170 2316 1232 in
2360 1167 2623 1251 publico
2673 1188 2794 1249 pa·-

424 1261 726 1346 traturos,
778 1257 953 1340 quod
995 1278 1115 1340 pro
1161 1279 1232 1321 re
1274 1256 1536 1342 publica
1582 1258 2027 1341 suscepissent.
2108 1257 2270 1322 haec
2311 1257 2381 1320 in
2424 1277 2792 1340 commuue,

425 1350 708 1411 ceterum
756 1346 988 1409 timore
1035 1346 1288 1411 occulto
1300 1396 1318 1429 ‚
1372 1368 1453 1411 ne
1498 1345 1569 1410 L.
1619 1345 1876 1411 Silanus
1922 1346 2159 1409 eximia
2202 1345 2544 1409 nobili-tate
2596 1344 2796 1409 disci—

345 1463 401 1503 ιο
422 1431 729 1519 plinaque
777 1432 842 1497 C.
887 1432 1116 1519 Cassii,
1162 1435 1333 1518 apud
1379 1457 1572 1518 quem
1619 1435 1924 1499 educatus
1971 1438 2124 1519 erat,
2170 1435 2251 1498 ad
2298 1454 2554 1497 omnem
2601 1432 2794 1497 clari-

423 1524 714 1588 tudinem
771 1523 1062 1586 sublatus
1108 1524 1450 1607 imperium
1496 1523 1852 1608 invaderet,
1905 1527 2205 1606 prompte
2252 1521 2526 1605 daturis,
2582 1522 2696 1605 qui
2746 1544 2796 1585 a

426 1612 869 1677 coniuratione
914 1612 1152 1697 integri
1197 1616 1410 1677 essent
1463 1609 1705 1695 quique
1750 1613 2207 1676 miserarentur
2249 1610 2574 1675 Neronem
2620 1615 2800 1674 tam-

427 1721 620 1786 quam
665 1720 781 1782 per
827 1699 1033 1764 scelus
1071 1700 1499 1766 interfectum.
1573 1700 1866 1784 plerique
1903 1699 2158 1764 Vestini
2206 1721 2463 1783 quoque
2499 1698 2794 1764 consulis

427 1808 571 1852 acre
616 1787 949 1873 ingenium
995 1788 1298 1853 vitavisse
1342 1788 1643 1853 Pisonem
1693 1790 2117 1872 crediderunt,
2165 1809 2247 1852 ne
2291 1788 2375 1852 ad
2418 1788 2789 1852 libertatem

351 1905 401 1946 15
429 1880 822 1960 moveretur,
867 1876 971 1942 vel
1016 1877 1266 1942 delecto
1311 1878 1697 1961 imperatore
1743 1878 1876 1941 alio
1922 1878 2020 1942 sui
2066 1878 2350 1941 muneris
2394 1898 2532 1941 rem
2576 1876 2785 1959 publi-

431 1987 572 2031 cam
617 1966 873 2031 faceret.
965 1967 1202 2030 etenim
1236 1988 1475 2053 ,expers
1526 1968 1989 2032 coniurationis
2034 1969 2197 2050 erat,
2254 1966 2548 2050 quamvis
2593 1986 2794 2048 super

429 2076 504 2119 eo
551 2056 818 2119 crimine
852 2054 1029 2119 Nero
1075 2060 1263 2120 vetus
1307 2057 1646 2120 adversum
1688 2057 2011 2120 insontem
2059 2055 2277 2118 odium
2325 2054 2695 2138 expleverit.

421 2249 607 2316 posita
647 2245 1090 2316 ‘konfrontiert’,
1128 2247 1239 2317 vgl.
1281 2253 1366 2316 16,
1403 2253 1471 2301 10
1508 2248 1653 2318 quod
1686 2249 1786 2302 ubi
1820 2248 2098 2318 coynitum
2132 2262 2224 2302 reo
2258 2262 2416 2316 seque
2450 2252 2502 2301 et
2537 2246 2796 2301 libertum

421 2321 559 2387 pari
594 2324 734 2372 sorte
769 2320 1032 2385 componi.
1100 2317 1172 2371 So
1208 2317 1351 2371 wird
1386 2334 1701 2388 componere
1734 2318 2052 2388 gebraucht
2084 2334 2213 2372 vom
2248 2315 2798 2386 Gegenfiberstellen

430 2388 631 2442 zweier
674 2387 943 2459 Kampfer
987 2387 1118 2458 (Cic.
1169 2405 1253 2458 ep.
1302 2388 1376 2444 ad
1421 2389 1554 2445 fam.
1595 2396 1625 2442 2
1642 2434 1655 2458 ,
1694 2394 1754 2459 8,
1794 2396 1822 2443 1
1869 2390 2241 2461 yladiatorum
2285 2389 2732 2459 compositiones).
2776 2388 2804 2463 Ιι

431 2466 514 2513 22.
554 2460 861 2526 confutavit
899 2459 1153 2513 ‘brachte
1191 2477 1317 2513 zum
1355 2459 1724 2529 Schweigen’.
1789 2460 1903 2514 Das
1940 2459 2208 2528 Verbum,
2244 2460 2792 2530 zusammengesetzt

428 2529 535 2584 mit
577 2530 700 2596 suto
746 2531 958 2597 (fatum
992 2555 1061 2574 =
1097 2531 1305 2600 fusum)
1364 2531 1637 2585 bedeutet
1689 2530 2084 2601 ursprfinglich
2140 2531 2242 2584 das
2287 2530 2608 2601 Beruhigen
2663 2529 2789 2583 auf-

428 2599 746 2655 wallenden
773 2599 1045 2655 Wassers.
1111 2588 1264 2654 Uber
1301 2600 1495 2655 seinen
1522 2600 1818 2656 Gebrauch
1857 2600 2152 2656 orientiert
2186 2604 2291 2671 gut
2317 2600 2579 2671 Georges'
2606 2601 2739 2655 Lex,
2777 2601 2788 2672 Ι

431 2677 514 2726 23.
553 2677 860 2741 suspectare
888 2673 1031 2725 statt
1056 2673 1348 2740 suspicari,
1376 2680 1681 2742 suspectum
1707 2674 1898 2728 habere
1927 2672 2072 2726 auch
2103 2678 2186 2741 13,
2207 2678 2301 2739 473
2335 2678 2420 2741 12,
2442 2677 2509 2727 65
2539 2689 2594 2726 u.
2618 2671 2788 2727 efter.

609 2742 707 2798 52.
766 2749 814 2799 2.
861 2744 1022 2797 euius
1058 2774 1127 2783 —
1164 2745 1465 2800 ventitabat
1501 2744 1519 2772 ‘
1533 2743 1733 2798 dessen
1780 2742 2068 2813 anmutige
2104 2744 2259 2813 Lage
2305 2743 2414 2797 den
2452 2741 2652 2797 Kaiser
2686 2742 2792 2798 be-

434 2813 682 2869 stimmte
719 2814 870 2868 haufi
948 2813 1221 2885 (dorthin)
1259 2833 1328 2868 zu
1363 2815 1669 2883 kommen',
1708 2832 1749 2870 s.
1789 2833 1859 2868 zu
1894 2815 1945 2868 K
1989 2859 2000 2870 .
2038 2819 2126 2881 43,
2157 2818 2205 2868 8.
2268 2816 2275 2883 Ι
2332 2820 2383 2868 4.
2424 2813 2612 2867 Durch
2647 2814 2794 2868 mole

431 2884 573 2938 wird
608 2884 846 2955 lastiges
874 2831 1118 2955 {efolge
1154 2884 1498 2941 bezeichnet.
1557 2888 1565 2954 Ι
1626 2893 1673 2941 5.
1712 2903 1873 2941 sacra
1913 2886 1930 2912 ‘
1987 2884 2036 2938 ‘e
2072 2883 2415 2954 Heiligkeit’
2457 2884 2557 2938 der
2593 2882 2792 2938 Tisch-

472 2956 858 3023 emeinschaft.
910 2955 1037 3025 Vgl.
1071 2962 1156 3025 13,
1188 2963 1251 3011 17
1281 2958 1424 3013 inter
1454 2974 1617 3012 sacra
1643 2974 1871 3012 mensae.
1922 2960 1930 3025 Ι
1981 2962 2030 3009 6.
2069 2956 2279 3022 melius,
2315 2953 2658 3009 Adverbium
2687 2955 2796 3009 des

482 3026 642 3081 rteils
670 3032 733 3095 (s.
765 3045 833 3080 zu
863 3032 913 3095 1,
944 3032 1029 3095 18,
1058 3028 1111 3095 9)
1151 3027 1367 3081 ‘besser
1401 3028 1588 3082 werde
1622 3043 1682 3081 es
1709 3026 1845 3096 sein,
1882 3043 2047 3081 wenn
2085 3025 2166 3081 sie
2193 3027 2303 3080 -—’.
2357 3027 2365 3095 Ι
2415 3027 2570 3096 apud
2601 3027 2793 3081 urbem

437 3097 527 3151 ‘in
562 3098 754 3152 Rom’.
817 3101 827 3167 Ι
887 3103 932 3150 7.
972 3096 1078 3151 Βίε
1116 3098 1376 3168 Stellung
1421 3099 1522 3152 der
1565 3099 1837 3152 betonten
1872 3096 2163 3151 Attribute
2208 3112 2310 3153 vor
2356 3097 2515 3151 domo
2557 3095 2636 3150 ist
2679 3095 2795 3150 wie

435 3168 567 3222 dial.
612 3175 679 3221 12
725 3169 879 3238 apud
923 3169 1050 3222 illos
1102 3169 1191 3222 dis
1242 3170 1452 3239 yenitoe
1498 3186 1784 3238 sacrosque
1824 3185 1986 3239 reyes.
2048 3171 2056 3236 Ι
2114 3170 2179 3221 in
2225 3169 2448 3237 publico
2504 3166 2639 3221 ‘auf
2688 3167 2797 3221 der

437 3237 701 3304 Strasse',
760 3255 802 3293 s.
854 3255 923 3290 zu
961 3244 1059 3305 11,
1092 3244 1180 3306 32,
1218 3244 1266 3292 6.
1327 3241 1337 3309 Ι
1394 3244 1445 3294 8.
1490 3241 1623 3294 haec
1665 3241 1729 3293 in
1771 3256 2048 3294 commune
2088 3239 2172 3293 ‘so
2209 3238 2411 3308 spi-ach
2447 3253 2510 3292 er
2543 3236 2790 3307 offizielL

432 3324 531 3362 vor
568 3307 668 3361 der
704 3306 816 3377 (fur
852 3306 965 3377 die)
1003 3296 1478 3376 Offentlichkeit'‚
1517 3309 1627 3379 vgl.
1666 3309 1771 3379 ΚΡ.
1813 3315 1907 3378 15,
1945 3315 2028 3365 16.
2103 3308 2220 3363 Das
2254 3308 2520 3378 folgende
2555 3316 2794 3364 ceterum

434 3381 523 3448 (ει-ι
551 3396 609 3434 re
645 3381 794 3448 vera)
831 3377 1036 3431 drfickt
1070 3378 1176 3431 den
1217 3378 1595 3449 eigentlichen
1632 3379 1826 3433 Grund
1863 3396 1990 3436 aus:
2032 3379 2115 3434 ‘in
2151 3381 2251 3435 der
2277 3380 2427 3434 That
2463 3380 2641 3449 aber',
2678 3380 2792 3435 wie

436 3455 531 3517 14,
571 3454 665 3517 583
706 3455 797 3518 16,
836 3455 904 3503 32
951 3449 1068 3502 und
1105 3449 1265 3506 efter.
1325 3453 1335 3520 1
1394 3455 1444 3505 9.
1490 3450 1551 3503 L.
1590 3450 1790 3504 Junius
1836 3450 2060 3506 Silanus
2097 3452 2439 3520 Torquatus,
2489 3451 2642 3505 Sohn
2688 3451 2792 3505 des

435 3538 548 3576 von
592 3519 909 3592 Agrippina
960 3520 1298 3591 vergifteten
1342 3521 1416 3577 M.
1463 3521 1688 3576 Silanus
1735 3527 1800 3591 (s.
1842 3529 1936 3590 13,
1987 3525 2039 3592 1)
2085 3521 2226 3576 wird
2276 3523 2425 3576 noch
2470 3521 2530 3575 in
2576 3521 2793 3576 diesem

433 3593 467 3648 J
470 3592 604 3647 ahre
634 3597 705 3647 65
740 3592 1018 3647 verbannt
1051 3593 1168 3647 und
1207 3611 1275 3647 zu
1302 3591 1533 3647 Barium
1565 3592 1625 3646 in
1653 3592 1897 3663 Apulien
1935 3593 2038 3647 auf
2058 3592 2240 3648 Neros
2266 3593 2465 3647 Befehl
2492 3593 2789 3648 ermordet.

439 3670 532 3733 16,
570 3670 722 3719 ''l—9.
786 3666 795 3736 Ι
856 3670 937 3719 10.
977 3652 1130 3718 Uber
1168 3664 1225 3719 Ο.
1261 3665 1500 3732 Cassius,
1539 3665 1639 3719 der
1673 3663 2036 3735 gleichzeitig
2070 3665 2216 3718 nach
2256 3663 2552 3718 Sardinien
2590 3664 2794 3732 depor-

434 3735 570 3790 tiert
604 3736 772 3803 wird‚
822 3753 864 3789 s.
903 3753 972 3788 zu
1016 3742 1105 3804 12,
1146 3741 1228 3790 11.
1289 3740 1298 3805 Ι
1362 3743 1441 3791 14.
1488 3754 1559 3790 ‘ne
1603 3737 1679 3790 ad
1726 3737 2024 3791 libertatem
2068 3738 2164 3803 (sc.
2201 3736 2582 3804 revocandam)
2618 3751 2793 3791 move-

434 3814 587 3861 retur
626 3808 716 3847 ‘-—-
747 3806 1060 3876 aufgeregt,
1088 3805 1378 3876 gestimmt
1404 3807 1639 3875 wflrde',
1675 3806 1785 3876 vgl.
1815 3805 1947 3861 hist.
1978 3813 2029 3875 4,
2063 3812 2148 3875 10,
2176 3812 2209 3860 9
2241 3808 2400 3862 motis
2427 3807 2503 3878 ad
2528 3806 2796 3861 ultionem

435 3880 532 3946 (sc.
565 3878 877 3945 petendam)
913 3878 1131 3931 areimis.
1205 3864 1359 3930 Uber
1404 3878 1514 3931 den
1560 3877 1926 3948 energischen
1963 3876 2260 3932 Gebrauch
2298 3876 2398 3931 der
2431 3876 2792 3947 Praposition

438 3948 514 4001 ad
550 3963 590 4000 s.
623 3963 691 3999 zu
723 3953 806 4016 12,
836 3952 921 4016 56,
954 3954 999 4002 7.
1068 3947 1205 4001 Zum
1234 3947 1543 4003 Gedanken
1571 3948 1680 4019 vgl.
1712 3954 1764 4017 2,
1794 3955 1861 4003 82
1900 3950 2181 4017 displicere
2215 3948 2574 4019 reynantibm
2599 3948 2797 4002 civilia

436 4018 679 4085 filiorum
715 4018 997 4088 inqenia
1031 4035 1200 4088 neque
1236 4020 1301 4072 ob
1339 4020 1498 4073 aliud
1533 4021 1876 4089 interceptos,
1918 4037 2084 4090 quam
2117 4020 2251 4090 quia
2279 4019 2550 4089 populum
2585 4018 2792 4074 Roma·

436 4106 586 4214 ”mm
609 4105 802 4212 w.
815 4090 1250 4228 “22''012025233‘
1272 4089 2453 4231 siff?{Jissssfflssssgssetssff‘ffssm‘w'
2426 4090 2794 4229 15ξὲἑέἴᾶ

439 4230 665 4284 crimine
690 4228 804 4282 fast
833 4254 901 4273 ===
929 4201 1032 4283 hac
1068 4201 1143 4283 ἄρ’
1165 4245 1349 4282 causa.
1414 4245 1579 4297 super
1609 4229 1700 4282 ‘in
1726 4229 1956 4284 betreff’
1998 4247 2099 4285 aus
2138 4231 2239 4285 der
2263 4230 2794 4301 Umgangssprache

442 4299 759 4352 stammend
787 4298 960 4353 sehon
989 4297 1225 4352 dreimal
1250 4298 1345 4351 bei
1375 4297 1485 4352 Cic.
1518 4298 1593 4352 ad
1620 4300 1766 4355 Ati-..2
1805 4307 1889 4369 14,
1920 4307 2005 4369 22,
2036 4307 2068 4353 2
2098 4303 2310 4371 coyites,
2347 4302 2483 4371 quid
2518 4302 2796 4372 agendum

442 4369 600 4421 nobis
623 4371 707 4441 ‚eit
742 4384 904 4436 super
942 4368 1205 4437 leyatione
1241 4369 1440 4435 votiva,
1479 4375 1563 4437 10,
1594 4375 1645 4437 8,
1676 4378 1731 4438 1;
1773 4376 1856 4439 16,
1888 4377 1937 4439 6,
1969 4377 2015 4425 1.
2091 4371 2193 4424 Βεί
2228 4370 2344 4426 Liv.
2385 4371 2533 4425 efter
2565 4370 2674 4429 mit
2706 4387 2799 4427 res
