3075 4800
413 225 498 291 38
762 226 1112 282 CORNELII
1148 227 1388 283 TACITI
1424 229 1521 282 AB
1556 228 1877 284 EXCESSU
1914 230 2069 283 DIVI
2106 229 2423 285 AUGUSTI

411 389 678 454 bruisse.
786 411 1030 453 morem
1095 390 1589 475 accommodari,
1651 394 1847 474 prout
1909 391 2250 474 conducat,
2315 396 2380 456 et
2443 393 2582 459 fore
2637 393 2766 459 hoc

345 502 400 544 15
418 499 674 562 quoque
718 477 787 541 in
834 478 930 561 iis,
979 499 1139 560 quae
1184 500 1337 542 mox
1383 483 1788 563 usurpentur.

355 565 393 629 7
592 564 785 630 Haud
826 565 1100 649 defuere,
1146 567 1257 649 qui
1294 568 1607 652 certatim,
1654 567 1710 631 si
1745 571 2155 632 cunctaretur
2193 566 2441 652 Caesar,
2486 570 2553 632 vi
2589 574 2766 634 actu-

414 676 524 718 ros
570 654 986 720 testificantes
1034 659 1441 739 erumperent
1485 656 1680 720 curia.
1764 656 2192 743 conglobatur
2236 658 2558 740 promisca
2602 659 2767 723 mul-

415 742 627 807 titudo
708 743 1147 826 populumque
1219 743 1586 808 Romanum
1669 744 1891 808 eadem
1965 765 2146 809 orare
2219 744 2527 809 clamitat.
2646 767 2765 811 nec

416 829 720 896 Claudius
773 831 946 896 ultra
999 835 1369 915 exspectato
1426 833 1655 897 obvius
1712 833 1883 915 apud
1937 833 2150 897 forum
2195 833 2462 916 praebet
2509 855 2577 897 se
2621 856 2763 919 gra-

370 944 397 986 6
416 921 733 1004 tantibuS,
786 924 1206 1002 senatumque
1260 920 1586 1006 ingressus
1641 920 1966 989 decretum
2011 920 2326 1005 postulat,
2382 943 2509 1006 quo
2557 923 2764 986 iustae

415 1009 582 1072 inter
653 1011 919 1092 patruos
991 1009 1391 1092 fratrumque
1463 1008 1634 1073 filias
1708 1010 1971 1092 nuptiae
2042 1010 2237 1073 etiam
2302 1011 2370 1073 in
2433 1014 2763 1093 posterum

414 1100 865 1160 statuerentur.
945 1118 1064 1162 nec
1101 1100 1316 1161 tamen
1352 1101 1644 1182 repertus
1683 1101 1782 1162 est
1816 1098 1943 1162 nisi
1979 1120 2144 1162 unus
2180 1098 2330 1163 talis
2367 1099 2764 1162 matrimonii

416 1185 689 1268 cupitor,
722 1183 1015 1249 Alledius
1054 1183 1325 1250 Severus
1363 1207 1556 1268 eques
1592 1184 1941 1269 Romanus,
1979 1207 2168 1268 quem
2203 1186 2494 1270 plerique
2530 1185 2765 1273 Agrip-

413 1273 604 1356 pinae
649 1273 859 1357 gratia
904 1273 1230 1356 inpulsum
1277 1274 1585 1338 ferebant.
1674 1295 1859 1338 versa
1904 1295 1982 1338 ex
2029 1296 2103 1338 eo
2151 1275 2377 1339 civitas
2424 1280 2489 1338 et
2533 1279 2764 1341 cuncta

341 1387 398 1428 ιο
416 1361 691 1425 feminae
747 1361 1202 1446 oboediebant,
1255 1383 1388 1426 non
1441 1383 1558 1445 per
1610 1361 1965 1445 lasciviam,
2020 1366 2095 1426 ut
2147 1361 2517 1447 Messalina,
2570 1364 2762 1428 rebus

414 1449 725 1514 Romanis
771 1449 1103 1513 inludenti.
1187 1449 1534 1515 adductum
1581 1454 1647 1514 et
1692 1451 1874 1532 quasi
1918 1450 2104 1514 virile
2142 1451 2502 1516 servitium:
2546 1452 2762 1535 palam

416 1540 722 1604 severitas
779 1560 853 1603 ac
907 1539 1163 1621 saepius
1210 1539 1535 1625 superbia3
1589 1537 1756 1603 1111111
1803 1539 1978 1602 (101111
2025 1539 2425 1623 inpudicum,
2480 1540 2607 1604 nisi
2651 1540 2761 1603 do-

414 1628 757 1690 minationi
812 1626 1155 1709 expediret.
1248 1627 1481 1710 cupido
1540 1627 1680 1690 auri
1728 1628 2039 1690 immensa
2085 1627 2421 1692 obtentum
2466 1627 2762 1712 habebat,

427 1715 612 1797 quasi
658 1714 1015 1779 subsidium
1060 1736 1262 1801 regno
1307 1719 1655 1799 pararetur.

352 1803 395 1869 8
593 1802 716 1867 Die
787 1803 1159 1887 nuptiarum
1223 1802 1481 1867 Silanus
1544 1808 1819 1868 mortem
1885 1804 2011 1868 sibi
2074 1804 2412 1887 conscivit,
2487 1805 2622 1868 sive
2685 1825 2760 1868 eo

415 1912 618 1976 usque
664 1912 844 1974 spem
892 1892 1061 1956 vitae
1106 1892 1514 1976 produxerat,
1561 1913 1674 1956 seu
1719 1892 1965 1957 delecto
2013 1893 2116 1957 die
2157 1892 2515 1979 augendam
2552 1892 2634 1956 ad
2669 1892 2764 1955 in-

416 1980 673 2044 vidiam.
767 1979 1036 2044 Calvina
1080 2001 1264 2045 soror
1309 1981 1445 2044 eius
1491 1978 1684 2044 Italia
1727 1980 1916 2064 pulsa
1961 1985 2073 2044 est.
2164 1981 2412 2044 addidit
2458 1979 2762 2044 Claudius

359 2094 364 2099 ·
415 2090 598 2134 sacra
661 2090 739 2133 ex
806 2068 1060 2155 legibus
1115 2068 1290 2133 Tulli
1355 2070 1527 2155 regis
1590 2069 1968 2152 piaculaque
2022 2069 2193 2151 apud
2245 2069 2463 2132 lucum
2517 2068 2763 2132 Dianae

370 2184 397 2225 6
414 2179 531 2240 per
584 2157 922 2241 pontifices
977 2157 1212 2243 danda,
1276 2157 1704 2222 inridentibus
1759 2157 2034 2241 cunctis,
2099 2157 2270 2240 quod
2324 2177 2579 2240 poenae,
2619 2178 2764 2240 pro-

416 2247 905 2327 curationesque
951 2246 1179 2310 incesti
1225 2245 1291 2308 id
1337 2246 1649 2329 temporis
1696 2247 2196 2328 exquirerentur.
2280 2249 2348 2309 at
2383 2243 2763 2331 Agrippina,

415 2354 496 2396 ne
541 2333 730 2396 malis
775 2336 1030 2398 tantum
1075 2334 1469 2399 facinoribus
1512 2337 1901 2419 notesceret,
1944 2334 2198 2399 veniam
2245 2332 2423 2396 exilii
2467 2355 2585 2417 pro
2631 2331 2763 2398 An-

415 2443 576 2486 naeo
633 2420 899 2506 Seneca,
957 2422 1151 2486 simul
1204 2426 1574 2505 praeturam
1631 2423 1958 2507 impetrat,
2012 2423 2254 2487 laetum
2311 2424 2380 2486 in
2431 2422 2762 2506 publicum

416 2513 559 2575 rata
614 2511 697 2574 ob
753 2511 1200 2575 claritudinem
1256 2511 1618 2575 studiorum
1675 2512 1840 2595 eius,
1903 2515 2102 2594 utque
2156 2511 2432 2575 Domitii
2485 2511 2763 2594 pueritia

345 2626 400 2667 10
417 2600 535 2664 tali
589 2600 901 2685 magistro
956 2599 1348 2665 adolesceret
1400 2603 1466 2664 et
1520 2598 1808 2664 consiliis
1862 2600 2147 2664 eiusdem
2203 2599 2283 2664 ad
2339 2620 2518 2682 spem
2564 2598 2765 2664 domi-

412 2828 520 2882 mit
570 2830 823 2884 sobrinae
877 2827 1322 2898 vorgekommen.
1405 2826 1508 2881 Bei
1553 2826 1669 2882 Liv.
1706 2832 1802 2895 42,
1841 2833 1935 2893 34,
1975 2831 2007 2879 3
2060 2825 2308 2880 heiratet
2345 2824 2579 2894 jemand
2626 2823 2765 2879 aber

415 2899 561 2953 auch
590 2899 682 2954 die
710 2898 1059 2954 consobrina.
1114 2897 1511 2968 Ungesetzlich
1537 2914 1657 2951 war
1685 2897 1805 2951 dies
1832 2896 2008 2964 nicht,
2037 2897 2278 2951 sondern
2295 2913 2403 2949 nur
2421 2895 2769 2966 ungewohn-.

414 2968 555 3036 lich,
600 2970 747 3024 nach
781 2969 1050 3023 Plutarch
1095 2985 1264 3039 sogar
1309 2969 1486 3022 durch
1521 2967 1985 3023 Volksbeschluss
2034 2965 2432 3021 ausdrucklich
2468 2967 2757 3037 gestattet.

600 3041 654 3093 7.
722 3047 769 3093 2.
817 3046 1155 3108 erumperent
1198 3041 1371 3094 curia.
1455 3038 1570 3093 Der
1613 3038 1738 3092 Abl.
1787 3037 1895 3092 wie
1939 3037 2069 3092 hist.
2113 3045 2171 3106 1,
2214 3043 2282 3092 86
2328 3038 2568 3107 erupisse
2611 3037 2765 3103 cella,

414 3109 532 3163 Liv.
564 3115 650 3179 22,
681 3116 766 3179 60,
797 3116 864 3164 27
893 3127 934 3164 e.
964 3110 1183 3177 casm-ie,
1228 3108 1372 3162 Plin.
1401 3112 1518 3162 nat.
1547 3108 1679 3164 hist.
1710 3115 1769 3178 2,
1800 3114 1896 3175 52,
1930 3115 2032 3163 138
2071 3127 2113 3164 e.
2151 3116 2313 3165 terra.
2347 3123 2355 3172 ι
2389 3113 2439 3161 3.
2476 3124 2574 3163 nec
2610 3133 2678 3154 =
2715 3115 2766 3161 et

417 3224 544 3304 zain
569 3197 699 3305 32⁰3.
730 3180 1001 3305 {3553ss
1005 3177 1537 3304 ⁰312¹¹¹14¹²Zg8²5ffiffi
1569 3178 1755 3303 ⁵5⁰3}-
1772 3180 1934 3303 132023.
1963 3197 2189 3305 ’1ῃέἐὲ
2231 3176 2768 3319 ἰἪπῖἑὲμέἒιῗ

415 3320 681 3376 Dieselbe
777 3320 1004 3391 endung
1024 3326 1110 3388 11,
1129 3325 1213 3375 26.
1234 3293 1414 3392 Ιάραίῐ
1436 3320 1600 3375 ‘auf’.
1618 3294 1632 3393 Ῑ
1651 3293 2181 3376 10.’ut⁷1ffessdllina.
2234 3307 2385 3374 Uber
2405 3318 2600 3373 diesen
2618 3335 2762 3389 ganz

419 3391 877 3447 unvermittelten
904 3391 1065 3446 Nom.
1101 3389 1209 3444 mit
1233 3397 1299 3446 at
1324 3408 1366 3446 s.
1395 3409 1463 3445 zu
1492 3398 1544 3460 6,
1575 3396 1660 3461 17,
1691 3397 1774 3446 18.
1852 3397 1934 3446 11.
1965 3391 2237 3447 adductas
2267 3389 2467 3459 ‘straff‚
2497 3389 2765 3460 strenge',

419 3462 546 3517 eine
580 3462 900 3533 Metapher,
948 3461 1040 3516 die
1083 3478 1210 3517 vom
1247 3461 1618 3517 Straffziehen
1664 3462 1764 3516 der
1841 3462 1975 3532 figel
2021 3463 2313 3533 (adducere
2345 3462 2609 3530 habenas)
2645 3462 2766 3515 ent·

415 3534 578 3588 lehnt
611 3533 702 3589 ist.
778 3532 1092 3603 Gegensatz
1129 3534 1384 3589 remissas
1421 3533 1663 3601 ‘schlaffi
1698 3531 1916 3603 lassig’.
1952 3533 1960 3604 Ι
1995 3539 2078 3588 12.
2115 3534 2229 3588 nisi
2263 3532 2632 3588 dominationi
2667 3533 2764 3584 ott.

416 3605 502 3659 Im
556 3604 862 3686 folgenden
915 3603 1057 3657 wird
1113 3603 1352 3673 erzahlt‚
1410 3603 1534 3658 dass
1591 3603 1674 3658 sie
1719 3603 1840 3657 sich
1887 3604 2014 3657 dem
2058 3602 2247 3658 Pallas
2292 3601 2556 3672 preisgab
2569 3645 2584 3669 ,
2639 3600 2768 3655 weil

422 3675 607 3730 dieser
640 3675 730 3728 ihr
765 3693 892 3729 zum
918 3675 1141 3730 Throne
1177 3674 1480 3730 verholfen.
1514 3678 1523 3745 Ι
1560 3681 1641 3729 13.
1680 3675 1881 3743 capide
1917 3674 2063 3729 anri.
2127 3674 2291 3728 Auch
2324 3673 2386 3727 in
2416 3674 2524 3727 den
2551 3671 2768 3742 folgen-

427 3747 538 3801 den
574 3746 832 3801 Bfichern
867 3745 1008 3800 wird
1044 3745 1166 3800 ihre
1201 3746 1454 3817 Habgier
1490 3744 1823 3800 wiederholt
1856 3745 2030 3799 bezeu
2102 3788 2112 3799 .

600 3817 659 3872 8.
717 3823 765 3872 3.
788 3819 957 3887 pulsa
984 3824 1080 3873 est.
1143 3823 1228 3885 14,
1262 3823 1328 3870 12
1357 3816 1638 3872 berichtet
1663 3814 1911 3883 Tacitus,
1951 3816 1987 3868 d
2049 3834 2074 3870 s
2101 3814 2272 3870 Junia
2301 3814 2533 3870 Calvina
2561 3816 2769 3884 spater,

417 3889 567 3943 nach
597 3888 724 3942 dem
742 3888 897 3943 Tode
917 3888 1016 3942 der
1033 3886 1365 3968 Agrippina,
1395 3904 1496 3940 aus
1517 3887 1617 3940 der
1634 3885 2019 3957 Verbannung
2035 3886 2459 3941 zurflckkehrte.
2485 3886 2494 3959 Ι
2517 3890 2567 3939 4.
2595 3885 2772 3952 Tulli,

418 3958 668 4013 n'amlich
693 3959 938 4015 Hostilii.
974 3959 983 4029 Ι
1016 3960 1168 4039 apud
1198 3957 1496 4082 ‘m'.dWo
1526 3957 1626 4010 der
1653 3956 1803 4011 Hain
1832 3957 1931 4012 der
1956 3956 2142 4011 Diana
2168 3957 2282 4027 lag,
2311 3955 2765 4036 istunbekannt.

423 4028 725 4101 Derjenige
768 4030 865 4085 bei
901 4029 1115 4098 Aricia,
1164 4028 1286 4082 drei
1382 4026 1530 4084 eilen
1575 4045 1684 4082 von
1719 4027 1863 4082 Rom
1899 4045 1972 4082 an
2010 4028 2109 4083 der
2144 4027 2255 4082 Via
2290 4026 2478 4098 Appia
2552 4026 2773 4081 schemt

418 4117 480 4155 es
524 4100 685 4156 nicht
728 4119 797 4155 zu
843 4100 979 4155 sein.
1023 4102 1031 4168 Ι
1076 4106 1122 4154 7.
1162 4099 1374 4153 Seneca
1419 4116 1536 4153 war
1571 4098 1649 4152 im
1685 4098 1733 4152 J.
1766 4105 1831 4153 41
1872 4098 2173 4169 angeblich
2208 4114 2405 4169 wegen
2441 4070 2770 4152 Ebebruchs

417 4172 699 4227 verbannt
742 4172 985 4227 worden.
1020 4173 1029 4240 Ι
1062 4175 1145 4223 10.
1192 4171 1297 4225 tali
1340 4171 1616 4241 magistro,
1688 4169 1853 4233 Doch.
1891 4169 2039 4224 nach
2077 4169 2287 4224 Sueton
2324 4168 2398 4241 (N
2401 4184 2495 4223 ero
2524 4173 2614 4238 52)
2650 4184 2771 4222 ver-

420 4242 683 4298 hinderte
737 4240 1078 4312 Agrippina,
1143 4240 1267 4294 dass
1321 4239 1472 4296 Nero
1534 4239 1990 4311 philosophische
2047 4239 2281 4295 Studien
2335 4239 2585 4308 machte,
2652 4238 2772 4293 und

421 4313 635 4367 Seneca
681 4314 883 4381 entzog
927 4310 1048 4363 ihm
1093 4310 1183 4364 die
1220 4310 1497 4365 Kenntnis
1545 4312 1645 4366 der
1691 4311 1845 4365 alten
1880 4311 2127 4381 Redner‚
2174 4327 2280 4381 quo
2315 4311 2532 4365 diutius
2567 4311 2631 4365 in
2667 4310 2767 4365 ad-

425 4384 719 4438 miratione
751 4383 845 4437 sui
879 4381 1153 4436 detineret.
1227 4382 1492 4436 Dadurch
1529 4381 1767 4453 entging
1801 4381 1921 4434 ihm
1956 4380 2143 4437 vieles,
