3075 4800
1057 239 1275 293 LIBER
1310 239 1455 293 xm.
1512 238 1667 293 CAP.
1705 244 1932 293 31—37.
2548 239 2676 304 105

319 402 490 486 lidis,
536 400 902 485 exemplum
948 401 1249 465 omnibus
1295 400 1647 464 ostendere.
1740 398 1970 465 dehinc
2021 400 2177 484 quia
2230 400 2471 465 duritia
2516 400 2678 466 caeli

319 490 719 573 militiaeque
773 489 966 553 multi
1020 489 1389 553 abnuebant
1443 488 1977 573 deserebantque,
2038 488 2393 553 remedium
2449 490 2680 553 severi-

318 582 456 643 tate
502 577 863 661 quaesitum
909 580 1023 642 est.
1113 598 1232 641 nec
1277 577 1468 661 enim,
1512 580 1590 641 ut
1633 577 1705 641 in
1747 577 1894 641 aliis
1941 577 2347 662 exercitibus,
2393 575 2677 660 primum
2707 605 2761 643 20

319 666 722 749 alterumque
776 664 1083 731 delictum
1137 664 1325 730 venia
1369 665 1906 749 prosequebatur,
1961 664 2074 731 sed
2128 665 2242 750 qui
2296 666 2482 750 signa
2534 666 2681 730 reli-

324 757 577 838 querat,
650 753 873 818 statim
938 754 1147 837 capite
1209 774 1449 838 poenas
1513 754 1751 818 luebat.
1842 753 2037 839 idque
2098 775 2222 818 usu
2286 754 2542 819 salubre
2615 758 2682 819 et

320 842 763 907 misericordia
814 841 1044 906 melius
1097 842 1423 926 apparuit:
1480 842 1721 926 quippe
1773 843 2109 925 pauciores
2163 841 2278 906 illa
2322 846 2532 907 castra
2578 843 2682 907 de-

324 952 578 995 seruere
626 951 818 1014 quam
865 951 955 1015 ea,
1001 931 1070 994 in
1117 930 1354 1015 quibus
1399 931 1872 1014 ignoscebatur.

498 1016 767 1082 Interim
806 1017 1086 1082 Corbulo
1124 1018 1491 1105 legionibus
1526 1019 1701 1082 intra
1737 1022 1947 1083 castra
1990 1017 2265 1102 habitis,
2321 1019 2524 1084 donec
2569 1039 2681 1084 ver
2701 1018 2787 1086 36

320 1106 740 1191 adolesceret,
787 1106 1247 1190 dispositisque
1290 1129 1408 1191 per
1451 1107 1720 1172 idoneos
1766 1106 1943 1171 locos
1990 1106 2368 1171 cohortibus
2414 1105 2681 1172 auxilia-

324 1195 460 1280 riis,
503 1216 586 1260 ne
621 1215 908 1279 pugnam
944 1195 1193 1278 priores
1219 1195 1547 1280 auderent,
1585 1195 1925 1281 praedicit3
1964 1216 2182 1260 curam
2214 1195 2682 1278 praesidiorum

322 1282 555 1348 Paccio
603 1281 810 1347 Orfito
865 1283 1061 1366 primi
1116 1283 1237 1367 pili
1291 1283 1536 1348 honore
1591 1284 1932 1367 perfuncto
1988 1283 2267 1348 mandat.
2359 1283 2416 1349 is
2463 1305 2683 1367 quam-

324 1393 519 1454 quam
584 1371 876 1435 incautos
938 1371 1250 1436 barbaros
1314 1376 1380 1435 et
1443 1373 1606 1436 bene
1662 1372 1974 1458 gerendae
1999 1385 2004 1391 ’
2031 1372 2127 1436 rei
2185 1391 2403 1437 casum
2463 1369 2682 1437 offerri
2736 1399 2763 1439 ⁶

325 1461 695 1544 scripserat,
760 1463 976 1524 tenere
1040 1481 1108 1523 se
1171 1460 1590 1525 munimentis
1655 1463 1719 1524 et
1781 1461 2059 1525 maiores
2118 1461 2337 1545 copias
2397 1460 2683 1544 opperiri

325 1548 602 1611 iubetur.
694 1547 807 1611 sed
878 1551 1072 1632 rupto
1146 1549 1419 1631 imperio
1434 1598 1453 1633 ,
1523 1552 1874 1632 postquam
1947 1569 2187 1632 paucae
2260 1570 2295 1613 e
2366 1549 2684 1632 proximis

323 1635 609 1700 castellis
673 1639 924 1700 turmae
985 1636 1375 1700 advenerant
1439 1657 1852 1721 pugnamque
1925 1636 2253 1720 imperitia
2314 1637 2684 1721 poscebant,

325 1744 705 1808 congressus
761 1744 908 1788 cum
962 1724 1151 1788 hoste
1206 1724 1517 1788 funditur.
1611 1729 1678 1788 et
1732 1726 1965 1789 damno
2022 1725 2161 1789 eius
2216 1724 2509 1789 exterriti
2569 1725 2685 1807 qui

325 1812 687 1877 subsidium
733 1811 901 1876 ferre
947 1812 1324 1896 debuerant,
1380 1833 1498 1877 sua
1543 1812 1818 1897 quisque
1862 1813 1929 1876 in
1978 1816 2186 1878 castra
2229 1812 2484 1896 trepida
2526 1812 2685 1898 fuga
2713 1839 2767 1879 ιο

325 1901 585 1964 rediere.
659 1900 833 1982 quod
880 1901 1164 1985 graviter
1202 1898 1484 1965 Corbulo
1530 1902 1779 1985 accepit
1823 1901 2337 1985 increpitumque
2379 1900 2683 1965 Paccium

326 1992 391 2052 et
435 1988 794 2072 praefectos
840 1989 1208 2072 militesque
1253 1990 1514 2053 tendere
1567 1993 1752 2055 extra
1795 1989 2037 2053 vallum
2083 1989 2303 2076 iussit3
2358 1989 2555 2073 inque
2612 2011 2686 2053 ea

325 2075 714 2141 contumelia
768 2078 1013 2141 detenti
1076 2098 1194 2141 nec
1252 2078 1379 2142 nisi
1433 2078 1734 2161 precibus
1788 2078 2073 2142 universi
2127 2078 2448 2143 exercitus
2503 2098 2684 2142 exso—

329 2165 454 2229 luti
500 2169 668 2230 sunt.

505 2253 598 2317 At
635 2252 954 2318 Tiridates
1000 2274 1193 2337 super
1228 2254 1523 2338 proprias
1572 2252 1902 2317 clientelas
1948 2273 2069 2336 ope
2106 2253 2419 2338 Vologesi
2463 2252 2686 2318 fratris
2706 2252 2790 2317 37

327 2341 602 2427 adiutus,
646 2364 781 2407 non
824 2342 1051 2408 furtim
1098 2342 1245 2426 iam,
1290 2342 1405 2407 sed
1448 2341 1665 2426 palam
1709 2341 1883 2406 bello
1929 2341 2249 2407 infensare
2291 2340 2687 2427 Armeniam,

326 2452 615 2515 quosque
672 2430 836 2496 fidos
889 2431 1077 2496 nobis
1131 2431 1422 2514 rebatur,
1477 2429 1883 2515 depopulari,
1945 2433 2012 2494 et
2074 2430 2130 2494 si
2186 2429 2408 2514 copiae
2463 2434 2688 2495 contra

331 2520 740 2602 ducerentur,
797 2519 1052 2584 eludere
1096 2519 1350 2603 hucque
1404 2523 1469 2583 et
1514 2518 1672 2589 illuc
1716 2518 1996 2582 volitans
2042 2518 2231 2601 plura
2274 2519 2447 2582 fama
2493 2538 2687 2603 quam

326 2628 546 2691 pugna
600 2610 936 2672 exterrere.
1029 2608 1233 2693 igitur
1287 2606 1569 2671 Corbulo
1626 2607 1919 2692 quaesito
1975 2605 2087 2670 diu
2139 2607 2386 2690 proelio
2442 2606 2687 2671 frustra
2742 2633 2768 2675 5

326 2766 422 2820 ille
450 2765 658 2820 Romae
684 2766 953 2833 frequens.
989 2764 997 2834 Ι
1031 2767 1116 2817 18.
1154 2764 1430 2819 ostendere
1459 2762 1685 2832 ‘geben,
1712 2761 1925 2816 bieten’
1957 2760 2343 2833 zeugmatisch
2370 2780 2438 2816 zu
2467 2764 2689 2818 laudem

326 2836 445 2888 und
471 2836 737 2891 solacium
756 2851 826 2888 zu
844 2833 1130 2888 beziehen.
1163 2835 1172 2905 Ι
1207 2839 1289 2887 19.
1327 2835 1559 2888 dwritia.
1614 2821 1768 2887 Uber
1796 2833 1906 2887 den
1923 2832 2050 2886 Abl.
2072 2849 2276 2887 causae
2300 2833 2452 2904 (‘auf
2467 2833 2680 2902 Grund,

328 2905 542 2976 infolge
569 2905 723 2975 von’)
742 2923 784 2960 s.
807 2922 876 2958 zu
894 2910 944 2972 3,
969 2909 1056 2973 24,
1078 2909 1160 2958 15.
1193 2905 1203 2974 Ι
1235 2905 1551 2959 abnuebant
1575 2905 2005 2972 deserebantqae.
2060 2902 2235 2957 Beide
2255 2903 2444 2958 Verba
2459 2904 2686 2958 werden

333 2977 481 3031 oster
508 2975 736 3030 absolut
761 2974 1093 3047 gebraucht,
1131 2975 1369 3029 abnuere
1402 2992 1448 3029 z.
1477 2974 1542 3028 Β.
1571 2973 1633 3027 in
1662 2974 1763 3028 der
1790 2974 2037 3029 schonau
2061 2991 2170 3028 von
2197 2973 2688 3043 Nipp.-Andresen

328 3047 772 3118 beigebrachten
807 3044 1087 3100 Parallele
1126 3044 1243 3100 Liv.
1284 3050 1350 3099 27
1364 3088 1379 3114 ,
1415 3050 1484 3098 49
1500 3088 1512 3112 ,
1552 3049 1585 3097 3
1621 3045 1716 3099 ille
1759 3046 1927 3111 fessos
1972 3045 2369 3168 abnuentzffae‘
2413 3046 2595 3100 taedio
2640 3051 2693 3100 et

330 3120 513 3174 labore
540 3135 691 3173 nane
708 3117 988 3187 precando
1013 3133 1165 3171 nwne
1191 3116 1512 3187 castiqando
1532 3116 1781 3170 accendit
1789 3136 1811 3182 ;
1838 3117 2072 3171 deserere
2091 3134 2135 3169 z.
2156 3115 2217 3169 B.
2295 3132 2381 3185 ep.
2400 3115 2560 3170 Eum.
2584 3120 2634 3185 5,
2659 3123 2687 3168 1

328 3190 419 3245 hic
454 3191 551 3259 qai
583 3205 699 3243 mm
724 3189 1091 3254 deseruerant,
1126 3187 1366 3242 emer-eim
1399 3187 1733 3267 suffragium
1765 3187 1984 3253 ferente,
2019 3186 2220 3255 eapitis
2255 3188 2500 3242 absentes
2535 3187 2689 3241 dam·

333 3267 561 3329 naam,
598 3276 686 3313 πο
722 3258 1047 3328 Nipperdey
1084 3275 1153 3311 zu
1187 3256 1548 3328 vergleichen
1584 3259 1675 3310 ist.

511 3330 611 3386 86.
669 3336 716 3384 2.
757 3330 1079 3384 adolesceret
1117 3327 1227 3382 ‘bis
1265 3328 1365 3382 der
1400 3327 1546 3382 volle
1573 3324 1850 3396 Fn’ihliug
1885 3326 2172 3396 eintrate',
2210 3344 2253 3382 s.
2286 3333 2370 3396 11,
2399 3333 2465 3380 31
2497 3328 2691 3382 adulto

331 3406 611 3458 autumna.
645 3403 653 3471 Ι
686 3406 735 3455 3.
768 3400 1084 3469 praedicere
1121 3401 1264 3453 statt
1299 3400 1518 3465 edicere,
1556 3399 1768 3464 iubere,
1802 3396 1912 3452 wie
1952 3403 2045 3466 16,
2086 3402 2154 3451 33
2184 3400 2485 3467 praedicto,
2522 3413 2592 3452 ne
2627 3402 2691 3452 in

329 3490 388 3528 re
425 3473 655 3542 publica
697 3472 1012 3537 habenam,
1059 3469 1170 3523 Cic.
1219 3470 1289 3523 de
1335 3468 1445 3524 div.
1487 3475 1546 3536 1,
1585 3474 1680 3536 24,
1717 3474 1788 3522 48
1819 3469 2163 3537 praedicere,
2207 3485 2276 3522 ‘ne
2321 3470 2383 3524 id
2416 3470 2633 3536 faceret.
2676 3468 2685 3541 1

329 3548 379 3598 4.
413 3543 588 3611 primi
622 3543 734 3612 pili
778 3544 874 3596 ctt.
948 3540 1027 3594 Er
1069 3539 1149 3594 ist
1193 3539 1313 3593 also
1351 3540 1754 3608 primipilaris,
1798 3539 1903 3594 hat
1950 3539 2034 3592 als
2081 3538 2299 3592 solcher
2344 3539 2454 3593 den
2500 3556 2692 3594 cens-as

330 3620 568 3683 equester
601 3612 720 3666 und
755 3610 1177 3666 Anwartschaft
1214 3610 1317 3664 auf
1349 3609 1441 3663 die
1480 3609 1654 3664 Stelle
1692 3609 1844 3664 eines
1876 3608 2344 3680 Kriegstribunen
2381 3609 2517 3663 oder
2552 3610 2687 3663 Pra-

329 3683 540 3739 fekten.
592 3686 600 3754 Ι
652 3688 702 3738 5.
740 3699 901 3738 casas
937 3683 1080 3735 statt
1114 3682 1342 3748 occasio,
1375 3679 1482 3734 wie
1522 3685 1571 3748 1,
1604 3685 1697 3748 133
1737 3684 1822 3748 12,
1852 3684 1936 3735 50.
1983 3681 1991 3752 Ι
2044 3685 2091 3734 7.
2130 3685 2295 3748 rapto
2331 3681 2476 3733 statt
2509 3687 2689 3749 spreto

328 3755 436 3809 wie
471 3754 606 3809 hist.
646 3759 696 3822 3,
728 3759 795 3807 19
831 3754 1059 3822 rupturi
1093 3753 1401 3822 imperium,
1437 3750 1589 3806 Curt.
1630 3756 1723 3819 10,
1754 3756 1786 3804 9
1799 3793 1813 3819 ,
1845 3755 1911 3804 15
1948 3751 2181 3820 rupistis
2213 3751 2506 3819 imperium
2541 3750 2690 3804 nach

330 3825 514 3879 Analo
560 3824 609 3879 ‘e
636 3841 746 3879 von
771 3825 950 3892 fidem,
984 3824 1194 3891 foedus,
1221 3824 1311 3877 ius
1335 3839 1601 3892 rumpere.
1636 3822 1644 3893 Ι
1680 3826 1762 3874 12.
1800 3822 2015 3877 tendere
2045 3823 2142 3876 ctt.
2206 3820 2322 3874 Das
2349 3821 2495 3875 Kam
2533 3820 2692 3875 icren

333 3843 657 3951 ausserffalb
696 3894 795 3949 des
830 3894 1041 3976 Lagers
1087 3894 1232 3948 ohne
1268 3892 1426 3947 Zelte
1469 3909 1588 3946 war
1633 3891 1760 3947 eine
1805 3891 1966 3946 nicht
2007 3890 2474 3962 ungewohnliche
2561 3891 2689 3944 iszi-

330 3965 694 4037 plinarstrafe
729 3965 821 4019 ffir
852 3963 1129 4035 Feigheit,
1166 3983 1210 4019 z.
1239 3964 1303 4019 B.
1343 3964 1437 4018 bei
1471 3962 1590 4017 Liv.
1624 3968 1709 4031 10,
1735 3968 1788 4031 4,
1817 3968 1852 4015 4
1889 3964 2143 4030 cohortes,
2180 3979 2317 4032 qaae
2351 3963 2515 4033 siqua
2551 3963 2689 4016 ami-

330 4044 536 4104 seram,
571 4043 728 4092 extra
763 4036 972 4090 vallam
1006 4036 1124 4089 sine
1159 4035 1410 4090 tentoriis
1443 4035 1734 4089 destitutas
1768 4035 1994 4089 invenit.

510 4107 611 4162 87.
671 4112 718 4160 1.
767 4107 1014 4177 Voloqesi
1050 4105 1196 4160 auch
1232 4105 1286 4159 h.
1325 4111 1377 4174 4,
1415 4110 1483 4159 51
1522 4107 1667 4158 statt
1711 4104 1999 4174 Voloyesis.
2073 4103 2186 4158 Der
2220 4102 2390 4157 Dativ
2435 4103 2569 4157 Volo
2604 4118 2693 4158 eso

330 4179 408 4233 ist
433 4176 768 4232 fiberliefert
796 4183 879 4247 13,
902 4182 951 4246 7,
978 4175 1111 4232 hist.
1140 4183 1192 4245 4,
1224 4180 1317 4244 513
1366 4176 1685 4246 Voloyesum
1713 4172 1842 4229 hist.
1877 4180 1926 4242 1,
1944 4178 2015 4227 40
2043 4176 2107 4244 (s.
2139 4172 2409 4243 Georges:
2438 4171 2576 4226 Lexi
2620 4190 2692 4228 on

333 4250 434 4302 der
467 4248 568 4304 lat.
605 4247 1004 4316 Wortformen,
1042 4265 1130 4303 πο
1169 4247 1306 4301 aber
1341 4249 1506 4300 unter
1543 4262 1670 4299 ann.
1703 4250 1787 4313 13,
1818 4250 1848 4298 7
1896 4245 2145 4316 Voloyesi
2180 4244 2264 4298 als
2299 4242 2693 4297 fiberlieferter

337 4319 474 4374 Gen.
504 4318 832 4389 aufgeffihrt
856 4318 969 4388 ist).
1003 4320 1012 4390 Ι
1046 4324 1096 4373 2.
1123 4320 1405 4385 infensare
1431 4315 1510 4370 ist
1536 4333 1643 4370 vox
1669 4314 1920 4384 Tacitea,
1950 4333 2056 4368 nur
2080 4314 2227 4369 noch
2252 4313 2358 4383 ΚΡ.
2378 4318 2475 4381 41,
2495 4319 2546 4381 6,
2568 4320 2652 4368 34.
2681 4313 2688 4386 Ι

338 4396 387 4444 5.
416 4392 631 4457 frastra
657 4390 879 4445 habitus
904 4389 1013 4444 wie
1043 4396 1128 4459 14,
1150 4394 1214 4443 11
1247 4389 1389 4442 statt
1412 4388 1736 4454 frustratas,
1763 4387 2027 4455 deceptas.
2081 4384 2301 4438 Anders
2328 4384 2432 4453 ΚΡ.
2454 4389 2521 4438 51
2552 4400 2694 4454 qaae
