3075 4800
429 257 516 319 60
776 255 1122 311 CORNELII
1159 254 1402 309 TACITI
1435 255 1531 308 AB
1569 253 1891 337 IJJXCESSU
1927 253 2083 306 DIVI
2118 253 2437 308 AUGUSTI

432 417 770 482 Claudium
806 418 1264 483 circumvasere
1301 416 1689 480 clamoribus
1728 416 2021 499 turbidis,
2057 415 2443 499 pulsumque
2482 416 2551 478 in
2583 419 2788 480 extre-

431 529 603 571 mam
658 507 786 570 fori
841 510 1089 590 partem
1144 507 1212 569 vi
1263 504 1609 590 urgebant,
1664 505 1865 569 donec
1920 505 2203 568 militum
2255 503 2450 588 globo
2501 504 2788 569 infensos

431 597 740 679 perrupit.
815 594 1181 677 quindecim
1229 593 1475 657 dierum
1514 594 1820 657 alimenta
1854 592 2018 676 urbi,
2062 614 2197 656 non
2234 592 2527 676 amplius,
2573 614 2790 676 super-

432 684 629 748 fuisse
675 683 985 765 constitit,
1030 703 1389 767 magnaque
1436 682 1626 745 deum
1666 681 2067 767 benignitate
2105 684 2169 744 et
2204 681 2521 745 modestia
2554 681 2790 746 hiemis

363 799 414 837 10
434 773 624 835 rebus
679 771 981 834 extremis
1037 769 1439 834 subventum.
1532 774 1599 834 at
1652 769 1911 834 hercule
1968 770 2123 832 olim
2179 767 2370 833 Italia
2421 769 2788 855 legionibus

433 860 819 944 longinquas
877 860 945 921 in
1000 860 1362 942 provincias
1419 862 1813 922 commeatus
1866 856 2196 941 portabat,
2251 879 2369 921 nec
2412 879 2583 922 nunc
2630 859 2792 922 infe-

434 947 760 1012 cunditate
797 947 1145 1030 laboratur,
1183 947 1293 1012 sed
1321 945 1610 1010 Africam
1647 947 1864 1029 potius
1902 950 1967 1010 et
1993 943 2367 1031 Aegyptum
2404 968 2788 1031 exercemus,

433 1036 832 1120 navibusque
879 1040 944 1100 et
990 1036 1242 1100 casibus
1288 1037 1424 1099 vita
1466 1035 1694 1118 populi
1740 1034 2018 1098 Romani
2063 1035 2374 1117 permissa
2418 1039 2529 1099 est.

325 1126 414 1188 44
617 1124 863 1188 Eodem
919 1145 1085 1187 anno
1140 1124 1384 1187 bellum
1439 1123 1609 1187 inter
1653 1122 1995 1187 Armenios
2040 1122 2443 1204 Hiberosque
2491 1127 2788 1187 exortum

432 1213 692 1277 Parthis
759 1234 1014 1296 quoque
1071 1234 1143 1276 ac
1197 1211 1506 1276 Romanis
1564 1212 2090 1298 gravissimorum
2148 1212 2318 1275 inter
2372 1233 2438 1275 se
2491 1215 2790 1275 motuum

435 1323 626 1366 causa
679 1301 821 1365 fuit.
922 1302 1101 1387 genti
1153 1300 1542 1364 Parthorum
1598 1300 1950 1386 Vologeses
2008 1299 2445 1383 imperitabat,
2501 1304 2793 1363 materna

437 1391 684 1476 origine
741 1412 821 1453 ex
873 1390 1116 1472 paelice
1174 1387 1439 1473 Graeca,
1494 1410 1799 1454 concessu
1854 1389 2126 1452 fratrum
2172 1410 2442 1474 regnum
2493 1388 2791 1473 adeptus3

389 1507 415 1546 5
436 1478 714 1542 Hiberos
759 1478 1221 1542 Pharasmanes
1267 1482 1522 1542 vetusta
1567 1479 1985 1562 possessione,
2032 1475 2372 1541 Armenios
2410 1476 2608 1540 frater
2653 1477 2794 1540 eius

435 1567 844 1631 Mithridates
902 1567 1236 1631 obtinebat
1292 1567 1523 1649 opibus
1578 1567 1833 1631 nostris.
1927 1569 2063 1629 erat
2108 1564 2558 1629 Pharasmanis
2614 1565 2792 1629 filius

434 1656 695 1720 nomine
758 1655 1195 1738 Radamistus,
1271 1654 1500 1718 decora
1559 1656 1973 1738 proceritate,
2037 1655 2104 1717 vi
2168 1655 2452 1737 corporis
2516 1654 2790 1739 insignis

436 1749 502 1808 et
546 1744 789 1828 patrias
836 1748 1002 1808 artes
1050 1744 1331 1826 edoctus,
1377 1743 1673 1831 claraque
1720 1744 1889 1807 inter
1927 1742 2171 1806 accolas
2218 1742 2405 1806 fama.
2488 1744 2543 1807 is
2589 1743 2796 1806 1110111-ι

437 1854 584 1896 cum
622 1832 927 1896 Hiberiae
972 1853 1243 1917 regnum
1291 1835 1547 1895 senecta
1590 1833 1792 1914 patris
1842 1831 2114 1895 detineri
2158 1831 2434 1895 ferocius
2480 1831 2792 1896 crebrius-

366 1949 417 1986 10
438 1943 561 2004 que
628 1920 932 2002 iactabat,
996 1941 1188 2003 quam
1255 1924 1329 1983 ut
1383 1920 1748 2002 cupidinem
1805 1920 2170 1984 occultaret.
2272 1920 2473 2003 igitur
2524 1918 2795 1983 Pharas-

435 2031 656 2073 manes
731 2010 1026 2071 iuvenem
1091 2009 1508 2091 impotentiae
1571 2012 1908 2091 promptae
1972 2011 2037 2071 et
2102 2008 2314 2071 studio
2377 2008 2790 2090 popularium

438 2098 813 2180 accinctum,
858 2096 1272 2182 vergentibus
1320 2097 1448 2159 iam
1497 2097 1679 2161 annis
1727 2098 1858 2161 suis
1904 2100 2214 2179 metuens,
2264 2096 2455 2159 aliam
2499 2096 2578 2159 ad
2615 2118 2795 2179 spem

436 2185 689 2249 trahere
745 2189 810 2249 et
864 2184 1237 2249 Armeniam
1296 2188 1644 2268 ostentare,
1697 2186 1901 2268 pulsis
1955 2183 2215 2249 Parthis
2273 2184 2489 2248 datam
2536 2183 2792 2248 Mithri-

438 2275 574 2338 dati
621 2297 659 2337 a
704 2278 905 2338 semet
951 2274 1389 2338 memorando:
1437 2274 1548 2337 sed
1593 2275 1726 2337 vim
1773 2273 2188 2337 differendam
2230 2277 2295 2337 et
2329 2274 2648 2356 potiorem
2687 2273 2797 2336 do-

368 2391 418 2430 15
441 2364 606 2448 111111,
653 2384 780 2446 quo
830 2363 1157 2427 incautum
1204 2363 1657 2446 opprimerent.
1750 2363 1843 2426 ita
1885 2361 2297 2427 Radamistus
2346 2361 2645 2426 simulata
2690 2361 2798 2424 ad-

440 2474 662 2516 versus
715 2456 964 2535 patrem
1024 2452 1342 2516 discordia
1386 2456 1717 2535 tamquam
1762 2473 2071 2516 novercae
2118 2452 2281 2515 odiis
2328 2452 2536 2534 impar
2579 2452 2794 2536 pergit

438 2750 640 2805 haben.
684 2751 692 2820 Ι
744 2757 791 2805 9.
831 2751 1009 2804 modes
1032 2750 1092 2803 ia
1125 2750 1330 2803 hiemis.
1405 2748 1533 2802 Wir
1570 2766 1744 2818 sagen
1782 2752 1953 2804 etwa:
1996 2750 2121 2802 ‘das
2158 2752 2295 2818 gute
2331 2749 2655 2802 Benehmen
2694 2749 2795 2801 des

437 2820 729 2875 Winters’.
806 2820 878 2875 So
915 2819 980 2873 Pl
1048 2863 1058 2873 .
1097 2822 1213 2873 nat·
1253 2820 1384 2873 hist.
1416 2826 1466 2889 6,
1497 2826 1561 2874 71
1619 2822 1881 2875 modestia
1918 2821 2185 2889 quaedam
2223 2837 2495 2889 aquarum
2530 2835 2662 2872 vom
2697 2834 2796 2888 ge-

436 2891 745 2961 marsigten
781 2890 1047 2961 gelinden
1085 2890 1245 2945 Lauf.
1317 2894 1325 2960 Ι
1396 2895 1478 2946 10.
1517 2893 1678 2945 rebus
1714 2892 1964 2946 extremis
1998 2893 2331 2959 subventum,
2371 2908 2412 2944 s.
2456 2896 2540 2958 11,
2569 2895 2655 2957 26,
2686 2896 2734 2944 6.

439 2970 500 3018 at
527 2964 739 3017 hercule
769 2962 928 3015 ‘aber
955 2961 1323 3031 wahrhaftig'
1356 2980 1484 3017 211111
1511 2961 1811 3015 Ausdruck
1832 2960 2123 3032 jeglichen
2142 2960 2381 3029 Affekts,
2411 2979 2452 3015 6.
2468 2977 2536 3013 211
2557 2965 2763 3029 1,3,2Ο.

443 3039 526 3087 11.
567 3034 977 3100 infecwnditate.
1053 3033 1238 3087 Wenn
1277 3033 1422 3086 auch
1458 3032 1667 3087 Italien
1702 3032 1865 3086 nicht
1910 3031 2283 3086 unfruchtbar
2326 3031 2625 3100 geworden
2660 3047 2796 3100 war,

441 3121 503 3227 sio
569 3102 968 3228 pffddmierbed
989 3119 1100 3227 eskt
1112 3104 1259 3157 doch
1303 3103 1514 3228 w1e2nig,
1587 3102 1718 3157 weil
1772 3104 2163 3228 Ιὶυῗὲιεςῆἶωη
2226 3103 2344 3225 ung
2385 3100 2796 3226 ssmssfnlazgen

443 3191 803 3300 &gv-echan?
833 3190 1034 3298 Ggrtgf:
1046 3190 1223 3301 mercia.
1254 3176 1352 3315 ¹qui
1377 3192 1688 3300 (1661831ιῖἷέ
1689 3190 1870 3316 θαρίοζ
1897 3191 2153 3299 eoegrqeeeiil.
2191 3190 2372 3297 8111111611
2398 3216 2565 3313 Verg.
2595 3188 2798 3311 ἐὲοἴὲ

440 3323 509 3441 ἑὰ
510 3317 757 3442 ὒ21ἕοῃῗέἔφρ
757 3316 845 3441 ein
879 3332 1095 3370 messem
1148 3318 1413 3371 exercebis
1457 3317 1709 3383 humum,
1764 3323 1813 3383 2,
1845 3321 1948 3369 356
1994 3322 2094 3370 aut
2121 3331 2310 3383 presso
2346 3331 2583 3369 exercere
2619 3314 2798 3368 solum

620 3490 720 3547 44.
761 3499 807 3546 1.
846 3492 953 3546 1)16
998 3492 1237 3547 Hiberer
1279 3493 1545 3547 wohnten
1592 3508 1685 3546 am
1723 3491 2103 3562 Sfidabhange
2152 3491 2250 3546 des
2298 3491 2625 3558 Kaukasus,
2676 3489 2800 3544 also

439 3563 701 3618 nordlich
744 3581 852 3618 von
889 3563 1216 3632 Armenien,
1271 3563 1513 3618 welches
1561 3563 1641 3616 im
1679 3562 1867 3616 Sfiden
1911 3562 2029 3615 und
2075 3562 2357 3617 Sfidosten
2402 3578 2477 3615 an
2521 3562 2623 3615 das
2669 3577 2800 3630 par-

442 3634 662 3688 thische
699 3633 1173 3690 Arsakidenreich
1209 3636 1454 3703 grenzte.
1490 3637 1497 3703 Ι
1551 3639 1598 3689 3.
1644 3632 1969 3703 Vologeses,
2008 3633 2160 3688 Sohn
2208 3633 2306 3687 des
2344 3633 2633 3700 Vonones,
2680 3648 2799 3685 war

443 3707 591 3758 etwa.
628 3710 695 3760 52
735 3707 872 3760 oder
909 3711 976 3758 53
1016 3706 1120 3759 auf
1150 3706 1260 3759 den
1297 3705 1486 3759 Thron
1522 3704 1875 3774 gekommen.
1927 3707 1935 3773 Ι
1984 3711 2035 3758 4.
2072 3705 2332 3771 fratrum,
2367 3702 2618 3757 namlich
2653 3701 2800 3755 Tiri-

444 3777 607 3830 dates
644 3777 761 3829 und
796 3777 1058 3831 Pacorus.
1112 3779 1120 3845 Ι
1172 3782 1220 3831 5.
1261 3764 1415 3830 [lber
1449 3775 1859 3829 Pharasmanes
1895 3775 2012 3827 und
2048 3771 2351 3828 Mithridat
2388 3792 2431 3829 6.
2472 3791 2540 3827 211
2580 3780 2663 3841 11,
2694 3779 2742 3827 8.
2786 3773 2797 3845 Ι

443 3854 492 3900 9.
532 3847 769 3901 detinere
802 3846 977 3901 heisst
1007 3846 1437 3915 ‘niederhaltem
1467 3845 1784 3915 aufhalten,
1813 3844 1874 3898 in
1903 3845 2003 3899 der
2029 3844 2461 3915 Entwickelung
2495 3844 2797 3898 hemmen’.

443 3917 517 3970 Es
553 3917 708 3971 kann
744 3917 905 3972 nicht
940 3918 1224 3972 bedeuten
1264 3917 1706 3971 ‘vorenthalten'
1748 3920 1882 3986 (von
1911 3915 2063 3970 einer
2090 3915 2414 3986 Erbschaft)
2449 3914 2596 3969 nach
2625 3920 2711 3984 14,
2729 3919 2800 3968 65

444 3987 636 4058 (Nero)
674 3990 1005 4056 interfecisse
1042 3989 1279 4043 creditus
1315 3995 1393 4043 est
1420 3989 1753 4056 Pallantem,
1789 3988 1934 4056 quod
1969 3988 2274 4042 inmensam
2300 3988 2599 4056 pecuniam
2634 3987 2802 4055 lonya

443 4066 657 4114 senecta
692 4061 966 4128 detineret,
1006 4060 1155 4113 denn
1190 4074 1306 4112 wer
1342 4058 1588 4113 dal-fiber
1625 4058 1788 4128 klagt
1823 4059 2092 4112 modicum
2127 4058 2396 4112 Hiberiae
2430 4074 2657 4128 reqnum
2692 4056 2804 4111 sibi

445 4130 702 4198 detineri,
750 4130 889 4184 iiber
937 4130 1045 4183 den
1092 4130 1246 4183 kann
1285 4129 1386 4183 das
1424 4128 1711 4200 Folgende
1746 4128 1907 4183 nicht
1941 4129 2088 4183 noch
2125 4146 2224 4182 zur
2257 4128 2579 4197 Erklarung
2616 4125 2799 4181 seines

446 4200 835 4269 Ausspruches
872 4199 1245 4270 hinzugefiigt
1279 4200 1519 4255 werden.
1557 4202 1564 4270 1
1603 4206 1682 4254 11.
1722 4201 2070 4268 impotentiae
2106 4204 2206 4267 (sc.
2236 4201 2351 4268 sui)
2383 4205 2669 4269 promptae
2696 4215 2800 4251 un-

444 4271 648 4338 gefahr
685 4271 944 4325 dasselbe
980 4269 1086 4324 wie
1122 4273 1443 4340 impotentia
1471 4277 1802 4340 promptum.
1859 4270 1987 4341 Vgl.
2012 4276 2059 4339 1,
2081 4276 2146 4324 57
2187 4272 2430 4326 audacia
2457 4276 2760 4339 promptus.
2787 4267 2795 4340 Ι

449 4346 532 4395 12.
571 4359 784 4413 verqere
818 4359 928 4395 von
966 4341 1065 4395 der
1100 4342 1397 4397 Abnahme
1435 4342 1535 4396 der
1563 4340 1701 4409 Zeit‚
1739 4340 1845 4395 wie
1883 4347 1934 4408 2,
1962 4347 2056 4408 433
2089 4347 2173 4410 11,
2202 4347 2237 4394 4
2275 4359 2328 4395 u.
2360 4358 2408 4396 a.
2444 4343 2451 4410 Ι
2487 4345 2569 4393 13.
2609 4340 2802 4393 datam

445 4431 484 4466 a
519 4419 693 4468 semet.
769 4412 871 4466 Β61
919 4412 1019 4466 der
1054 4412 1385 4483 Eroberung
1420 4411 1751 4466 Armeniens
1806 4411 1884 4465 im
1920 4413 1966 4466 J.
1999 4418 2066 4466 35
2122 4412 2285 4467 hatte
2321 4410 2622 4465 Mithridat
2677 4409 2801 4463 sich
