3075 4800
427 228 556 298 114
784 227 1127 283 CORNELII
1164 227 1406 282 TACITI
1441 227 1538 280 AB
1576 224 1896 280 EXCESSU
1931 225 2087 279 DIVI
2122 224 2439 281 AUGUSTI

344 414 401 457 ie
421 390 624 474 igitur.
674 394 970 477 agentem
1026 411 1166 453 eam
1222 390 1291 453 in
1334 386 1749 452 matrimonio
1796 386 1987 450 Rufri
2034 385 2316 471 Crispini
2362 389 2597 473 equitis
2645 390 2790 468 Ro¹

417 480 619 563 mani,
677 501 755 542 ex
815 499 942 562 quo
989 477 1195 541 filium
1245 480 1583 564 genuerat,
1640 473 1813 538 Otho
1860 475 2126 558 pellexit
2171 478 2432 541 iuventa
2488 499 2563 542 ac
2613 478 2773 543 luxu

417 571 483 631 et
547 567 700 651 quia
759 567 1296 652 flagrantissimus
1370 567 1439 630 in
1508 564 1792 628 amicitia
1852 563 2132 629 Neronis
2196 565 2579 631 habebatur:
2652 589 2791 644 nec·

414 677 614 739 mora,
660 656 819 737 quin
864 654 1179 718 adulterio
1225 655 1710 718 matrimonium
1757 653 2145 738 iungeretur.
2773 694 2780 697 -

306 742 394 807 46
593 741 766 807 Otho
823 744 957 807 sive
1003 764 1218 807 amore
1273 744 1568 808 incautus
1622 741 1882 807 laudare
1936 742 2211 805 formam
2249 741 2780 828 ‚elegantiamque

362 880 369 884 -
414 833 637 895 uxoris
682 830 852 914 apud
896 830 1271 916 principem,
1318 832 1451 895 sive
1497 835 1573 894 ut
1618 830 1990 895 accenderet
2035 852 2125 914 ac,
2170 831 2226 894 si
2273 831 2493 895 eadem
2530 832 2784 909 femina,

412 923 814 1005 poterentur,
869 919 936 983 id
991 941 1247 1004 quoque
1292 918 1623 986 vinculum
1668 918 2024 1001 potentiam
2081 920 2139 982 ei
2194 918 2487 984 adiceret.
2581 941 2770 1005 saepe

414 1008 670 1090 auditus
719 1011 818 1071 est
862 1029 1254 1094 consurgens
1303 1030 1338 1071 e
1384 1009 1681 1072 convivio
1730 1005 2045 1089 Caesaris,
2101 1029 2169 1071 se
2226 1009 2485 1090 quidem
2538 1009 2630 1071 ire
2686 1010 2782 1080 ad,

357 1121 383 1163 5
411 1096 608 1181 illam,
637 1097 761 1160 sibi
789 1117 1156 1160 concessam
1188 1094 1546 1182 [dictitans]
1570 1094 1996 1177 nobilitatem,
2023 1094 2587 1180 pulchritudinem,
2615 1101 2772 1161 vota

355 1185 701 1248 >⁸omnium
739 1189 805 1249 et
841 1185 1075 1271 gaudia
1110 1183 1413 1249 felicium.
1503 1184 1607 1247 his
1654 1187 1846 1267 atque
1884 1183 2123 1246 talibus
2162 1185 2589 1249 inritamentis
2635 1207 2772 1249 non

408 1274 606 1360 longa
655 1274 978 1338 cunctatio
1035 1274 1486 1356 interponitur.
1580 1272 1691 1336 sed
1746 1275 2006 1354 accepto
2064 1271 2243 1335 aditu
2287 1271 2588 1357 Poppaea
2640 1275 2768 1357 pri-

412 1384 591 1425 mum
637 1384 753 1445 per
796 1362 1237 1426 blandimenta
1281 1365 1346 1425 et
1392 1364 1562 1425 artes
1608 1361 1952 1444 valescere,
2009 1361 2320 1443 imparem
2366 1362 2653 1444 cupidini
2699 1385 2768 1426 se

411 1454 476 1514 et
512 1450 739 1513 ‘forma
790 1450 1070 1515 Neronis
1135 1453 1388 1533 captam
1453 1449 1789 1533 simulans3
1851 1470 2007 1513 mox
2066 1450 2199 1513 acri
2261 1450 2389 1512 iam
2453 1451 2768 1534 principis

331 1563 382 1603 ιο
411 1559 627 1606 amore
672 1538 752 1602 ad
790 1539 1154 1621 superbiam
1190 1542 1464 1622 vertens,
1510 1539 1567 1602 si
1611 1538 1784 1602 ultra
1827 1559 2021 1601 unam
2069 1537 2462 1622 alteramque
2507 1543 2780 1603 noctem

410 1628 816 1710 attineretur,
869 1631 1141 1710 nuptam
1197 1648 1333 1691 esse
1389 1648 1458 1691 se
1513 1627 1815 1691 dictitans
1870 1647 1988 1690 nec
2032 1624 2230 1708 'posse
2280 1627 2780 1691 matrimonium

410 1717 722 1800 amittere,
767 1715 1127 1780 devinctam
1153 1713 1418 1781 Othoni
1461 1737 1577 1798 per
1622 1737 1823 1802 genus
1869 1715 2039 1779 vitae
2052 1765 2070 1798 ,
2128 1715 2300 1798 quod
2343 1736 2533 1779 nemo
2582 1716 2770 1779 adae-

409 1807 661 1887 quaret:
716 1804 900 1867 illum
957 1804 1170 1867 animo
1228 1807 1293 1867 et
1347 1803 1525 1867 cultu
1581 1803 2025 1889 magnificum,
2080 1803 2172 1867 ibi
2227 1825 2293 1867 se
2341 1825 2591 1867 summa
2635 1804 2766 1867 for-

408 1896 567 1956 tuna
611 1892 806 1978 dig-na
850 1892 1082 1956 visere:
1139 1895 1206 1955 at
1249 1891 1602 1975 Neronem,
1649 1913 1765 1974 per
1818 1892 2144 1975 paelicem
2183 1892 2482 1980 ancillam
2537 1897 2601 1956 et
2659 1893 2768 1956 ad-

327 2004 379 2045 15
409 1981 812 2044 suetudinem
867 1979 1066 2045 Actes
1121 1980 1515 2065 devinctum,
1575 1980 1742 2044 nihil
1796 2002 1831 2043 e
1886 1980 2305 2044 contubernio
2363 1980 2580 2044 servili
2635 1982 2766 2045 nisi

407 2068 727 2133 abiectum
765 2071 830 2132 et
867 2068 1196 2133 sordidum
1233 2070 1520 2133 traxisse.
1595 2068 1869 2133 deicitur
1903 2068 2340 2132 familiaritate
2378 2072 2577 2153 sueta,
2613 2074 2766 2153 post

406 2177 753 2242 congressu
792 2160 857 2220 et
893 2158 1207 2221 comitatu
1235 2155 1426 2240 Otho,
1465 2160 1531 2220 et
1568 2158 1647 2221 ad
1681 2160 2100 2242 postremum,
2135 2180 2218 2221 ne
2256 2158 2325 2221 in
2351 2157 2512 2221 urbe
2550 2180 2761 2221 aemu-

404 2244 574 2324 latus
629 2249 873 2331 ageret,
928 2246 1304 2329 provinciae
1358 2245 1729 2310 Lusitaniae
1783 2246 2176 2331 praeficitur3
2240 2246 2353 2309 ubi
2413 2267 2616 2329 usque
2680 2247 2766 2310 ad

402 2400 509 2455 mit
554 2402 683 2456 dem
726 2402 1077 2472 Konjunktiv
1124 2403 1222 2456 der
1258 2400 1708 2473 Wiederholung
1752 2403 1857 2457 wie
1894 2403 2096 2472 Vellej.
2147 2410 2204 2472 2,
2245 2410 2339 2472 21,
2380 2410 2412 2456 2
2458 2405 2605 2459 wnde
2640 2421 2760 2473 spes

404 2473 582 2527 maior
617 2473 920 2539 offulsisset.
995 2473 1218 2527 Ebenso
1256 2473 1350 2527 bei
1385 2475 1485 2528 abi
1518 2473 1651 2527 hist.
1690 2478 1741 2542 5,
1773 2480 1866 2541 213
1906 2491 2011 2543 quo
2049 2491 2175 2528 ann.
2214 2481 2267 2541 4,
2296 2478 2462 2544 '10:⁰1‘
2486 2479 2568 2529 15.
2607 2462 2760 2528 Uber

405 2541 692 2613 Crispinus
740 2560 781 2597 s.
822 2562 890 2597 zu
932 2551 1023 2613 11,
1066 2551 1092 2597 1
1143 2560 1235 2613 am
1270 2544 1446 2598 Ende.
1507 2546 1514 2613 Ι
1578 2550 1660 2598 16.
1698 2546 1893 2611 filiam.
1968 2545 2044 2597 Er
2078 2545 2234 2598 ward
2284 2545 2387 2598 auf
2417 2545 2616 2601 Befehl
2659 2546 2759 2600 des

404 2613 554 2668 Nero
591 2630 699 2667 von
736 2614 932 2670 seinen
969 2614 1206 2696 913911911
1233 2613 1477 2669 Dienern
1512 2615 1669 2669 beim
1696 2614 1936 2669 Fischen
1971 2614 2052 2668 im
2077 2616 2264 2671 Meere
2301 2615 2531 2670 ersauft.
2567 2618 2575 2687 Ι
2609 2616 2759 2672 Otho

401 2682 479 2737 ist
529 2684 629 2738 der
682 2702 707 2737 s
749 2688 904 2740 atero
950 2686 1173 2754 Kaiser,
1231 2686 1405 2740 schon
1450 2685 1553 2755 Kp.
1599 2692 1664 2739 12
1712 2686 1796 2740 als
1843 2684 2144 2741 Mitwisser
2195 2687 2292 2741 des
2338 2686 2756 2742 Verhaltnisses

402 2753 677 2808 zwischen
770 2772 864 2810 ero
906 2756 1023 2809 und
1060 2757 1161 2810 der
1194 2757 1335 2810 Acte
1381 2756 1650 2811 erwahnt.
1713 2759 1721 2824 Ι
1785 2763 1864 2811 17.
1914 2764 1964 2812 et
2008 2759 2144 2826 quia
2185 2759 2649 2828 flagrantissimus
2694 2760 2770 2813 in

400 2826 649 2881 amicitia
675 2827 918 2882 Neronis
952 2828 1252 2882 habebatur
1285 2826 1459 2881 heisst
1498 2828 1637 2880 ‘und
1668 2827 1797 2881 weil
1826 2844 1902 2897 er,
1940 2844 2057 2881 was
2087 2827 2179 2882 die
2206 2828 2620 2883 Freundschaft
2656 2829 2762 2883 des

400 2895 548 2950 Nero
587 2896 801 2968 anging
837 2898 997 2968 (iiber
1033 2900 1095 2951 in
1133 2915 1174 2953 S.
1214 2916 1284 2952 zu
1321 2904 1379 2966 2,
1417 2904 1513 2966 41,
1557 2901 1671 2968 13),
1719 2897 1802 2952 als
1842 2898 2044 2952 dessen
2080 2898 2445 2969 glfihendster
2480 2899 2762 2955 Verehrer

441 2966 564 3021 alt’.
639 2967 752 3023 Der
797 2968 1285 3039 Zusammenhang
1331 2968 1607 3023 erfordert
1653 2969 1788 3022 aber
1831 2970 2169 3039 umgekehrt
2215 2969 2366 3024 ‘weil
2411 2986 2472 3024 er
2522 2970 2607 3024 als
2658 2971 2772 3024 der·

399 2984 819 3108 {egfinstigtste
855 3039 1018 3110 galt’.
1088 3038 1172 3094 Ob
1201 3041 1615 3108 florentissimus
1650 3058 1717 3093 zu
1747 3039 2040 3094 schreiben
2068 3039 2179 3094 ist?
2212 3043 2219 3110 Ι
2251 3058 2348 3095 nec
2375 3058 2528 3096 mora
2555 3041 2760 3095 durch·

398 3124 524 3178 weg
560 3108 705 3163 ohne
741 3108 1023 3164 Hilfsverb
1071 3109 1178 3164 wie
1214 3117 1275 3177 4,
1317 3116 1408 3178 703
1452 3117 1544 3178 14,
1584 3116 1651 3164 57
1697 3111 1816 3164 und
1860 3110 2231 3165 bekanntlich
2275 3110 2361 3165 oft
2405 3111 2498 3166 bei
2537 3110 2694 3167 Ovid.
2738 3112 2746 3184 Ι

403 3185 485 3233 18.
525 3181 949 3235 matrimonium.
1021 3179 1402 3235 Abweichend
1436 3180 1670 3236 hiervon
1706 3183 1836 3251 sagt
1871 3181 2003 3236 Tac.
2042 3181 2173 3236 hist.
2217 3189 2272 3249 1,
2304 3188 2396 3236 13:
2436 3183 2754 3251 Poppaeam

400 3248 697 3316 Sabinam,
744 3252 1058 3319 principale
1101 3258 1362 3318 seoriam,
1414 3259 1479 3307 ut
1531 3255 1686 3321 apud
1740 3254 2014 3307 consciam
2069 3254 2362 3307 libidinum
2416 3254 2754 3322 deposuerat.

398 3319 564 3374 Dann
600 3323 716 3374 erst
749 3321 898 3376 habe
934 3321 1083 3375 Nero
1123 3322 1232 3376 den
1270 3321 1418 3377 Otho
1456 3340 1557 3376 aus
1594 3322 1916 3377 Eifersucht
1950 3323 2370 3394 fortgeschickt.
2781 3382 2784 3385 ,

577 3388 676 3446 46.
733 3397 782 3446 3.
838 3394 889 3446 ei
931 3391 994 3445 in
1041 3392 1288 3447 Tacitus’
1329 3393 1498 3448 Sinne
1544 3394 1917 3465 gesprochen,
1964 3394 2074 3464 vgl.
2115 3413 2157 3449 z.
2195 3395 2258 3448 B.
2308 3392 2419 3449 Cic.
2464 3393 2533 3447 de
2586 3393 2676 3448 off.
2720 3401 2751 3448 1

397 3464 428 3526 ἓ
469 3465 596 3516 108:
644 3464 741 3531 qai
778 3480 881 3532 qao
917 3470 969 3517 et
1002 3464 1173 3518 tutior
1208 3465 1325 3518 eius
1359 3465 1477 3520 vita
1513 3472 1646 3520 esset
1691 3472 1741 3520 et
1769 3466 1902 3534 plue
1939 3466 2225 3535 aliquanto
2261 3466 2591 3534 reipublicae
2620 3482 2754 3534 pro-

395 3531 581 3595 desset,
621 3534 805 3598 farere
837 3550 894 3588 se
927 3535 1224 3588 simulavit.
1284 3534 1293 3605 Ι
1354 3540 1402 3590 ὅ.
1442 3535 1582 3588 Ζ11111
1618 3535 1927 3591 Gedanken
1972 3543 2099 3592 vota
2126 3567 2190 3576 —
2221 3537 2465 3603 feliciimi
2509 3535 2619 3606 vgl.
2660 3535 2758 3590 die

394 3601 663 3656 Inschrift
689 3603 784 3686 bei
813 3603 969 3687 Grut.
1001 3610 1122 3673 637,
1152 3610 1190 3687 ὅ.
1223 3606 1366 3674 quod
1403 3621 1585 3686 omnes
1620 3614 1836 3677 royant,
1871 3609 1965 3662 sed
1990 3608 2171 3675 felices
2196 3609 2502 3674 impetrant.
2538 3610 2547 3677 Ι
2581 3612 2629 3659 6.
2667 3608 2752 3661 his

394 3674 1965 3816 91ξὲἕᾶἐξῑέιέἔέὤῖἴὲιὲἬέἰῗοιξὲἒιιῗὲἓηὲἔὲἱαὶ6ᾍηῖιῖ
2002 3678 2758 3817 Ξὲξῗέθὲἓξῖῗίῗῗῖἐέἕέἴ

393 3815 765 3882 interponitur
808 3814 861 3869 d.
899 3816 954 3869 11.
1002 3814 1281 3870 zwischen
1327 3816 1437 3870 den
1472 3817 1617 3870 Plan
1665 3818 1786 3888 (der
1820 3819 2085 3899 Poppaea
2132 3819 2243 3872 den
2279 3817 2490 3872 Zutritt
2540 3836 2609 3872 zu
2655 3835 2753 3888 ge-

396 3886 629 3954 statten)
667 3885 783 3938 und
822 3884 914 3939 die
949 3886 1331 3956 Ausffihrung.
1366 3890 1374 3957 Ι
1416 3892 1464 3940 8.
1505 3890 1783 3957 imparem.
1852 3888 1943 3942 Sic
1983 3889 2194 3959 drangt
2227 3888 2349 3943 sich
2387 3889 2515 3943 dem
2550 3888 2752 3943 Kaiser

395 3954 498 4007 auf
528 3955 645 4007 und
680 3955 908 4025 fingiert
942 3955 1068 4010 eine
1095 3956 1578 4027 unbezwingliche
1606 3958 1776 4013 Liebe
1813 3977 1881 4012 zu
1907 3959 2040 4014 ihm.
2075 3962 2084 4029 Ι
2120 3966 2202 4015 12.
2242 3962 2358 4014 vita
2389 3959 2754 4025 ‘Benehmem

392 4023 733 4097 Ausum-‚0112
774 4043 814 4081 s.
845 4026 1047 4080 Mffller
1075 4027 1144 4081 de
1173 4027 1264 4082 off.
1299 4034 1347 4096 1,
1379 4033 1462 4097 15,
1491 4034 1561 4082 46
1600 4029 1652 4084 S.
1683 4035 1910 4085 32—33.
1945 4030 1953 4102 Ι
1990 4036 2071 4086 13.
2110 4032 2208 4098 ibi,
2247 4048 2288 4085 s.
2320 4049 2388 4084 zu
2421 4036 2504 4099 12,
2536 4036 2621 4098 30,
2652 4035 2700 4085 3.
2734 4031 2743 4102 Ι

397 4101 479 4150 14.
513 4113 615 4164 per
635 4099 900 4165 paelicem
928 4099 1190 4153 ancillam
1218 4105 1268 4153 et
1299 4101 1714 4154 adsuetudinem
1742 4101 1904 4156 Actes
1930 4100 2006 4155 ist
2031 4101 2362 4171 Hendiadys
2391 4119 2487 4154 zur
2512 4100 2749 4154 Hervor-

391 4165 623 4237 hebung
660 4167 759 4221 der
797 4167 1086 4223 einzelnen
1122 4169 1407 4223 Momente
1443 4170 1543 4224 des
1580 4170 1917 4240 Vorwurfes,
1955 4171 2064 4241 vgl.
2108 4178 2190 4239 12,
2222 4178 2306 4239 22,
2338 4177 2386 4226 3.
2440 4175 2449 4238 Ι
2502 4177 2583 4225 15.
2623 4187 2752 4225 eon·

391 4238 704 4292 tabem-‘niam
747 4237 894 4292 hiess
940 4238 1042 4292 das
1090 4238 1342 4293 eheliche
1379 4239 1706 4295 Verhffltnis
1756 4242 1855 4296 der
1902 4241 2169 4311 Sklaven‚
2218 4241 2310 4296 die
2356 4240 2492 4296 kein
2535 4241 2752 4296 rechte-

392 4306 522 4376 gilti
565 4324 624 4389 es
661 4311 1085 4432 matiizimo‘niun}1
1108 4309 1410 4364 schliessen
1437 4312 1702 4367 konnten.
1738 4313 1746 4384 Ι
1783 4319 1863 4367 17.
1903 4311 2017 4366 Das
2047 4311 2232 4375 Subst.
2264 4314 2571 4368 aemulatus
2600 4311 2750 4366 wohl

390 4394 497 4432 nur
594 4394 654 4432 er
689 4396 786 4433 vor
828 4397 1048 4435 ommen
1092 4424 1102 4436 .
