3075 4800
410 212 541 277 104
759 212 1108 268 CORNELII
1144 212 1386 267 TACITI
1422 213 1519 267 AB
1556 212 1878 269 EXCESSU
1914 212 2069 267 DIVI
2104 211 2422 268 AUGUSTI

329 401 380 441 15
408 374 534 440 fide
580 378 853 459 utraque
898 396 1078 438 arma
1122 374 1511 459 invitabant,
1569 375 1699 439 situ
1752 379 2098 459 terrarum,
2154 374 2578 439 similitudine
2628 396 2771 439 mo·

408 486 553 528 rum
589 462 851 528 Parthis
887 462 1224 547 propiores
1260 463 1683 548 conubiisque
1723 464 2030 547 permixti
2075 485 2149 527 ac
2192 463 2492 528 libertate
2537 463 2774 547 ignota

408 551 565 616 illuc
608 552 816 637 magis
862 553 944 615 ad
989 551 1324 616 servitium
1371 551 1772 617 inclinantes,

305 639 389 705 35
591 637 716 704 Sed
746 638 1099 704 Corbuloni
1134 640 1283 724 plus
1319 640 1513 704 molis
1551 639 1856 705 adversus
1885 639 2212 725 ignaviam
2246 638 2532 704 militum
2570 661 2771 723 quam

409 732 634 794 contra
678 728 1013 812 perfidiam
1057 728 1348 793 hostium
1394 731 1558 794 erat:
1606 728 1844 813 quippe
1893 727 2082 793 Suria
2126 731 2522 793 transmotae
2566 728 2771 813 legio-

407 837 522 882 nes
533 869 551 903 ,
594 837 751 900 pace
795 816 994 904 longa
1038 838 1291 903 segnes,
1345 816 1570 881 munia
1614 838 1939 881 armorum
1989 816 2339 903 aegerrime
2382 817 2766 882 tolerabant.

409 905 568 970 satis
615 905 912 970 constitit
956 905 1158 969 fuisse
1203 904 1274 969 in
1317 926 1394 970 eo
1442 906 1730 969 exercitu
1774 909 2138 990 veteranos,
2194 905 2307 989 qui
2359 926 2495 970 non
2540 905 2769 969 statio·

357 1018 382 1059 5
409 1015 585 1078 nem,
648 1015 780 1059 non
833 992 1092 1078 vigilias
1147 993 1445 1078 inissent,
1504 993 1749 1058 vallum
1801 994 2174 1078 fossamque
2233 994 2420 1078 quasi
2473 1014 2643 1057 nova
2699 996 2772 1057 et

408 1082 575 1146 mira
630 1083 936 1167 viserent,
1003 1082 1140 1146 sine
1196 1080 1426 1168 galeis,
1488 1082 1629 1146 sine
1692 1082 1940 1166 loricis,
2004 1082 2196 1146 nitidi
2255 1084 2320 1146 et
2376 1080 2767 1165 quaestuosi,

409 1170 647 1235 militia
704 1193 821 1254 per
875 1169 1114 1253 oppida
1167 1170 1437 1254 expleta.
1530 1170 1736 1255 igitur
1799 1170 2082 1236 dimissis
2091 1221 2110 1254 ,
2175 1170 2410 1255 quibus
2473 1172 2771 1233 senectus

410 1262 524 1323 aut
585 1258 887 1324 valetudo
951 1257 1220 1323 adversa
1272 1262 1435 1344 erat,
1500 1259 2021 1343 supplementum
2084 1258 2334 1342 petivit.
2426 1261 2491 1322 et
2554 1256 2769 1321 habiti

412 1368 528 1430 per
564 1345 886 1411 Galatiam
924 1345 1519 1431 Cappadociamque
1557 1347 1850 1431 dilectus,
1894 1347 2269 1430 adiectaque
2305 1368 2386 1410 ex
2425 1344 2773 1410 Germania

333 1462 385 1501 ιο
413 1436 585 1521 legio
633 1456 779 1500 cum
825 1435 1153 1518 equitibus
1200 1434 1418 1499 alariis
1466 1438 1532 1499 et
1567 1435 1860 1519 peditatu
1897 1434 2279 1500 cohortium.
2352 1438 2771 1518 retentusque

414 1523 625 1587 omnis
680 1523 1000 1587 exercitus
1057 1523 1177 1587 sub
1232 1523 1539 1609 pellibus,
1595 1525 1891 1607 quamvis
1945 1523 2156 1587 hieme
2211 1545 2400 1587 saeva
2454 1523 2612 1586 adeo
2620 1574 2639 1607 ,
2691 1524 2772 1585 ut

413 1611 692 1675 obducta
727 1611 931 1696 glacie
967 1610 1095 1674 nisi
1133 1611 1366 1675 effossa
1400 1611 1637 1675 humus
1674 1612 1974 1676 tentoriis
2012 1612 2227 1676 locum
2253 1633 2386 1676 non
2414 1612 2766 1695 praeberet.

412 1698 695 1763 ambusti
739 1699 1094 1763 multorum
1140 1702 1319 1764 artus
1376 1700 1442 1763 vi
1486 1699 1751 1785 frigoris
1807 1703 1872 1764 et
1928 1699 2191 1783 quidam
2245 1699 2416 1764 inter
2466 1698 2771 1763 excubias

414 1786 762 1851 exanimati
807 1790 973 1851 sunt.
1066 1787 1536 1872 adnotatusque
1582 1788 1796 1873 miles,
1848 1788 1960 1871 qui
2006 1789 2246 1852 fascem
2290 1788 2617 1873 lignorum
2663 1808 2770 1871 ge-v

333 1901 385 1942 15
415 1875 654 1959 stabat,
719 1875 813 1939 ita
866 1876 1297 1960 praeriguisse
1351 1897 1610 1961 manus,
1673 1879 1747 1940 ut
1811 1876 1988 1941 oneri
2051 1875 2468 1941 adhaerentes
2523 1876 2772 1939 truncis

411 1963 696 2028 brachiis
744 1963 1124 2029 deciderent.
1215 1964 1356 2048 ipse
1402 1964 1584 2029 cultu
1628 1964 1774 2049 levi,
1821 1964 2031 2048 capite
2075 1965 2337 2050 intect0,
2381 1964 2450 2028 in
2494 1964 2773 2049 agmine,

412 2052 482 2116 in
525 2051 859 2117 laboribus
904 2054 1205 2136 frequens
1249 2053 1499 2136 adesse,
1553 2052 1811 2117 laudem
1866 2053 2173 2138 strenuiS,
2229 2052 2541 2118 solacium
2595 2052 2770 2116 inva—

413 2245 745 2300 wiederholt
780 2245 841 2300 in
879 2245 989 2298 den
1015 2244 1225 2299 Jahren
1263 2249 1331 2297 69
1359 2244 1476 2297 und
1507 2249 1593 2300 68.
1649 2244 1952 2314 Pompejus
1989 2259 2188 2314 zwang
2223 2243 2324 2297 ihn
2362 2248 2429 2297 66
2468 2260 2567 2296 zur
2592 2230 2769 2296 Uber-

413 2316 577 2385 gabe,
615 2314 743 2370 liess
779 2315 899 2368 ihm
936 2315 1072 2368 aber
1108 2314 1228 2369 sein
1256 2314 1435 2368 Reich
1461 2313 1781 2383 Armenion,
1820 2315 2022 2369 dessen
2047 2313 2268 2385 Konige
2305 2332 2414 2369 von
2442 2314 2516 2368 da
2554 2314 2626 2367 ab
2665 2313 2767 2367 der

413 2384 794 2456 Restatigung
828 2404 937 2440 von
965 2384 1145 2440 seiten
1182 2384 1281 2439 der
1307 2384 1513 2440 Romer
1552 2385 1866 2441 bedurften.
1900 2387 1908 2456 Ι
1941 2386 2018 2441 ad
2051 2387 2150 2441 hoe
2189 2385 2356 2439 ‘dazu
2390 2385 2588 2453 noch’;
2626 2402 2668 2439 s.
2700 2403 2770 2437 zu

417 2462 501 2525 12,
521 2462 607 2525 34,
630 2462 678 2510 1.
755 2462 838 2511 17.
868 2457 1003 2511 illuc
1030 2457 1206 2526 mayis
1233 2458 1308 2511 ad
1333 2458 1617 2512 servitium
1642 2458 1987 2512 inclinante&
2047 2456 2176 2511 Wie
2202 2456 2344 2527 Nep.
2374 2455 2632 2526 Epamin.
2664 2460 2716 2523 ὅ,
2736 2461 2771 2508 2

414 2528 629 2597 (habuit
673 2543 705 2581 o
740 2533 1075 2607 &metatorem
1120 2527 1465 2581 Menecliden
1506 2528 1779 2596 quendam
1786 2530 1825 2597 ,)
1870 2528 2116 2582 indidem
2156 2529 2352 2583 Thebis
2394 2527 2555 2580 nicht
2597 2526 2776 2581 heisst

418 2598 778 2666 ‘ebendaher,
814 2597 1065 2651 namhch
1101 2614 1202 2651 aus
1229 2597 1503 2665 Theben’‚
1542 2598 1785 2652 sondern
1821 2622 1890 2644 a·
1926 2615 1995 2654 ex
2028 2599 2200 2655 isdem
2238 2599 2433 2653 Thebis
2472 2596 2773 2652 ‘ebenfalls

416 2685 518 2722 aus
563 2668 837 2737 Theben',
882 2667 991 2722 wie
1034 2667 1149 2722 Liv.
1190 2674 1284 2735 21,
1326 2674 1419 2737 17,
1458 2674 1490 2722 9
1537 2669 1685 2723 mille
1727 2671 1930 2738 equites
1973 2671 2145 2724 socios
2189 2675 2452 2724 sescentos
2491 2669 2772 2723 Romanos

418 2740 612 2794 Gallia
649 2741 943 2809 provincia
988 2740 1168 2794 eodem
1211 2756 1368 2794 versa
1411 2741 1476 2793 in
1519 2740 1802 2794 Punicum
1847 2741 2044 2794 bellum
2086 2741 2282 2795 habuit
2329 2739 2420 2793 die
2464 2739 2663 2794 Worte
2707 2739 2776 2793 in

416 2811 695 2866 Pwnicum
732 2812 927 2866 bellum
970 2809 1131 2864 nicht
1175 2809 1531 2865 schlechthin
1577 2808 1663 2864 als
1698 2811 1951 2880 Exegese
1989 2828 2057 2864 zu
2093 2811 2275 2865 eodem
2311 2826 2380 2863 zu
2415 2809 2605 2864 fassen
2642 2809 2771 2863 sind

415 2883 479 2950 (s,
528 2881 583 2938 C.
624 2882 683 2937 F.
712 2882 803 2937 W.
840 2882 1069 2937 Muller:
1131 2880 1241 2935 ‘Zu
1287 2881 1486 2936 Gasars
1538 2879 1754 2936 bellum
1808 2880 2003 2936 civile'
2057 2880 2120 2934 in
2165 2881 2266 2935 der
2312 2879 2648 2935 Festschrift
2701 2894 2773 2933 zu

415 2952 603 3007 Ehren
639 2952 1032 3007 Friedlanders
1072 2951 1125 3006 S.
1166 2956 1268 3005 549
1306 2954 1468 3007 Anm.
1510 2956 1580 3022 7),
1620 2969 1680 3006 so
1718 2953 1796 3006 ist
1831 2953 1966 3007 illuc
2002 2954 2077 3007 ad
2111 2952 2394 3007 servitium
2431 2951 2572 3005 auch
2610 2950 2777 3005 nicht

416 3025 565 3077 etwa
592 3050 661 3069 =
689 3023 823 3079 illuc
850 3024 986 3077 oder
1012 3024 1088 3077 ad
1113 3024 1240 3077 illos
1267 3026 1385 3093 (sc.)
1413 3025 1490 3078 ad
1514 3025 1795 3079 servitium
1826 3022 2092 3091 ‘dorthim
2124 3020 2373 3079 namlioh
2400 3039 2500 3075 zur
2524 3022 2774 3076 Knecht-

418 3094 646 3163 schaft’,
694 3094 935 3148 sondern
983 3093 1296 3147 ‘dorthin
1344 3111 1443 3146 zur
1476 3093 1916 3148 Knechtschaft’
1959 3094 2012 3148 d.
2051 3094 2106 3147 h.
2144 3094 2221 3147 ad
2255 3094 2478 3147 illorum
2514 3109 2589 3146 sc.
2627 3093 2773 3147 Par·

417 3166 633 3218 thorum
667 3165 948 3218 servitium
982 3163 1118 3217 oder
1153 3164 1229 3217 ad
1263 3164 1409 3217 illud
1442 3165 1741 3231 servitium,
1779 3181 1841 3218 so
1869 3164 1994 3218 dass
2030 3166 2137 3219 huc
2173 3163 2226 3217 d.
2257 3164 2313 3217 h.
2351 3164 2428 3217 ad
2461 3179 2564 3217 nos
2599 3165 2663 3232 (s.
2704 3179 2775 3216 zu

421 3239 506 3301 12,
536 3239 622 3302 30,
652 3236 707 3302 3)
744 3232 920 3287 sofort
956 3231 1041 3286 als
1079 3231 1395 3302 Gegensatz
1430 3234 1874 3315 herausspringt.
1948 3233 2077 3303 Vgl.
2117 3233 2263 3287 auch
2300 3239 2350 3303 2,
2381 3238 2466 3301 30,
2495 3238 2544 3286 6.

383 3330 392 3335 ἡ
595 3303 689 3358 35.
746 3309 794 3357 2.
863 3304 1037 3358 Suria
1099 3310 1455 3370 transmotae,
1521 3322 1562 3357 s.
1624 3304 1767 3359 Eml.
1828 3311 1859 3370 ξ
1899 3310 1982 3359 34.
2043 3306 2054 3374 Ι
2112 3304 2354 3359 Corbulo
2408 3303 2568 3356 hatte
2621 3301 2773 3355 nach

417 3374 521 3443 ΚΡ.
563 3379 594 3427 8
633 3372 732 3428 die
761 3372 956 3427 Halfte
1004 3373 1101 3426 des
1150 3373 1436 3442 syrischen
1470 3374 1678 3428 Heeres
1693 3418 1706 3443 ‚
1754 3381 1786 3427 2
1823 3373 2111 3445 Legionen
2155 3375 2323 3429 nebst
2349 3372 2768 3442 Hilfstruppen,

418 3444 688 3500 erhalten.
723 3445 733 3515 Ι
765 3449 813 3499 5.
852 3445 1112 3499 stationes
1137 3444 1402 3515 grossere,
1428 3446 1656 3515 viyiliae
1683 3444 1932 3499 kleinere
1958 3445 2233 3515 Wachen,
2272 3463 2314 3500 s.
2345 3463 2414 3499 zu
2443 3450 2491 3512 1,
2523 3448 2609 3513 28,
2640 3449 2723 3498 13.
2758 3443 2769 3517 Ι

419 3523 468 3571 6.
498 3517 810 3598 quaestuosi
830 3516 927 3568 ‘an
946 3514 1181 3570 Gewinn
1201 3514 1377 3569 reich'
1400 3515 1507 3570 wie
1529 3521 1614 3584 12,
1634 3521 1718 3570 63.
1752 3524 1762 3585 Ι
1795 3521 1843 3570 9.
1875 3514 2125 3582 Galatia,
2155 3533 2263 3570 von
2283 3517 2412 3570 dem
2429 3514 2775 3569 Tetrarchen

417 3587 718 3657 DeJotarus
747 3605 815 3640 zu
844 3585 998 3641 einer
1025 3585 1312 3642 erblichen
1328 3586 1656 3640 Monarchie
1683 3587 1963 3656 gemacht,
1991 3587 2149 3640 ward
2177 3587 2352 3641 sehon
2378 3588 2546 3640 unter
2573 3586 2773 3640 dessen

418 3658 763 3729 Nachfolger
799 3658 1074 3727 Amyntas
1110 3656 1386 3712 romische
1422 3657 1672 3725 Provinz,
1712 3656 2123 3727 Kappadokien
2160 3661 2277 3712 erst
2311 3659 2479 3711 unter
2512 3656 2775 3711 Tiberius

421 3731 492 3797 (2,
510 3732 617 3798 42).
631 3747 781 3784 —ex
797 3730 1113 3784 Germamia.
1169 3728 1277 3782 Die
1305 3727 1528 3783 zwolfte
1558 3727 1786 3799 Legien,
1817 3727 1989 3782 sehon
2016 3730 2182 3782 unter
2199 3727 2458 3782 Tiberius
2486 3726 2546 3780 in
2576 3726 2775 3797 Syrien

421 3798 658 3852 stehend
693 3800 811 3852 und
838 3805 907 3853 43
936 3817 990 3853 n.
1019 3799 1144 3854 Chr.
1179 3816 1291 3854 von
1318 3798 1588 3855 Claudius
1613 3798 1763 3852 nach
1788 3798 2175 3854 Deutschland
2202 3798 2436 3868 verlegt,
2473 3798 2608 3852 kam
2628 3797 2778 3867 jetzt

421 3869 645 3923 zurfick.
679 3874 688 3937 Ι
721 3875 806 3923 12.
845 3871 1078 3924 obducta
1114 3868 1193 3923 ist
1227 3869 1389 3924 Nom.
1427 3869 1535 3924 mit
1571 3870 1671 3923 der
1705 3869 2032 3924 bekannten
2068 3868 2773 3939 Subjektsvertauschung,

422 3957 464 3993 s.
504 3956 573 3991 zu
610 3945 671 4008 2,
712 3944 805 4008 11,
845 3945 892 3993 7.
953 3942 962 4009 Ι
1023 3945 1106 3994 13.
1146 3941 1427 3996 ambustus
1466 3940 1776 4008 ‘erfroren’‚
1813 3939 1924 4011 vgl.
1953 3940 2078 3995 Val.
2108 3939 2291 3994 Flacc.
2329 3946 2381 4009 4,
2417 3944 2485 3993 70
2523 3941 2778 3994 ambusta
2846 3948 2851 3953 ’

414 4009 644 4080 pruinis
689 4010 929 4077 lumina,
972 4009 1113 4064 Plin.
1154 4008 1287 4065 hist.
1324 4029 1377 4067 n.
1419 4019 1512 4080 24,
1558 4017 1590 4065 8
1641 4012 1782 4081 (29),
1819 4016 1888 4065 45
1927 4013 2177 4066 ambusta
2212 4012 2335 4082 iyni
2378 4012 2462 4066 vel
2496 4012 2717 4081 friyore.
2760 4008 2770 4080 1

425 4086 508 4135 14.
557 4081 869 4136 adnotatus.
942 4068 1095 4135 Uber
1141 4082 1252 4135 den
1298 4082 1725 4153 ausgedehnten
1771 4080 2067 4136 Gebrauch
2123 4082 2222 4135 des
2269 4080 2494 4135 Nomin.
2534 4099 2579 4136 c.
2619 4080 2772 4134 infin.

423 4171 465 4207 s.
494 4150 640 4205 Einl.
669 4157 700 4217 ξ
730 4157 813 4207 82.
891 4156 972 4205 15.
1005 4154 1320 4224 praeriyere
1349 4154 1539 4207 ‘vorne
1568 4154 1867 4206 erstarren'
1907 4150 1985 4206 ist
2013 4151 2108 4207 ἅπ.
2141 4153 2241 4220 etp.
2263 4183 2332 4192 -—
2351 4168 2569 4207 mama.
2623 4140 2777 4205 Uber

423 4222 532 4275 den
554 4221 837 4356 ῗήθοὴίεο
877 4238 947 4276 en
974 4222 1277 4304 Accusativ
1305 4242 1346 4277 s.
1376 4222 1521 4277 Eml
1551 4229 1596 4303 §-
1611 4229 1694 4277 24.
1756 4223 1809 4276 V
1847 4221 1885 4276 1.
1917 4228 2002 4290 15,
2032 4229 2101 4276 64
2127 4224 2373 4320 friyidus
2407 4224 2524 4319 ic'zm
2550 4229 2725 4276 anus.
2757 4220 2768 4292 Ι

424 4292 947 4431 2⁷...zzmfflz
975 4292 1837 4417 &magmas
1869 4293 2118 4431 aas
2213 4293 2440 4417 Jffi
2471 4294 2639 4430 ..ets
2655 4291 2777 4416 ξεῖ
