3075 4800
1058 259 1275 313 LIBER
1310 259 1457 316 XIII.
1522 259 1654 330 Cap.
1685 266 1913 315 39—41.
2517 261 2645 325 109

288 423 362 487 111
414 421 716 486 cornibus
771 421 965 505 pedes
1021 422 1395 507 sagittarius
1460 425 1526 485 et
1582 425 1793 486 cetera
1855 444 2083 486 manus
2145 423 2436 507 equitum
2490 422 2646 507 ibat,

288 510 703 595 productiore
749 530 950 574 cornu
995 510 1258 574 sinistro
1304 531 1419 594 per
1464 509 1596 573 ima
1643 510 1924 596 collium,
1969 514 2061 595 ut,
2108 512 2164 574 si
2201 510 2413 575 hostis
2454 510 2649 576 intra-

288 599 516 683 visset,
570 598 784 662 fronte
840 599 1035 663 simul
1087 601 1153 662 et
1199 599 1346 662 sinu
1390 599 1807 681 exciperetur.
1900 599 2222 664 adsultare
2268 620 2348 662 ex
2393 598 2646 663 diverso

289 686 637 770 Tiridates,
698 707 834 750 non
887 708 1091 770 usque
1145 686 1226 750 ad
1281 687 1482 750 ictum
1538 686 1681 770 teli,
1742 688 1855 752 sed
1909 693 2049 752 tum
2105 687 2440 771 minitans,
2504 690 2646 751 tum

288 775 502 859 specie
545 773 947 858 trepidantis,
995 776 1052 839 si
1095 774 1312 839 laxare
1360 775 1617 840 ordines
1663 778 1728 839 et
1774 776 2060 841 diversos
2098 775 2454 841 consectari
2498 796 2645 859 pos·
2676 804 2728 844 15

290 865 404 927 set.
495 862 609 926 ubi
653 862 821 926 nihil
868 864 1232 927 temeritate
1287 863 1573 927 solutum
1626 886 1745 928 nec
1799 865 2077 948 amplius
2135 887 2331 948 quam
2385 864 2644 928 decurio

290 950 583 1034 equitum
620 951 959 1016 audentius
996 972 1374 1036 progressus
1412 956 1478 1016 et
1515 953 1773 1036 sagittis
1812 954 2103 1017 confixus
2140 956 2386 1018 ceteros
2424 952 2518 1016 ad‘
2538 953 2647 1017 ob-

291 1040 587 1121 sequium
623 1039 918 1123 exemplo
963 1040 1347 1123 firmaverat,
1392 1040 1775 1125 propinquis
1821 1042 1951 1105 iam
1989 1041 2271 1105 tenebris
2319 1040 2646 1105 abscessit.

469 1126 559 1190 Et
606 1125 887 1192 Corbulo
935 1132 1145 1192 castra
1198 1128 1267 1192 in
1311 1128 1456 1193 loco
1506 1132 1815 1212 metatus,
1871 1150 1954 1193 an
2009 1129 2324 1213 expeditis
2379 1128 2645 1214 legioni·
2671 1132 2754 1194 41

293 1215 415 1279 bus
459 1218 648 1279 nocte
693 1214 1010 1280 Artaxata
1061 1220 1358 1302 pergeret
1413 1217 1795 1302 obsidioque
1852 1218 2299 1301 circumdaret,
2356 1218 2647 1304 agitavit,

291 1304 685 1368 concessisse
730 1304 886 1369 illuc
930 1304 1263 1369 Tiridaten
1311 1308 1508 1369 ratus,
1602 1307 1751 1369 dein
1804 1310 2152 1390 postquam
2208 1306 2649 1390 exploratores

290 1391 568 1457 attulere
611 1392 1042 1477 longinquum
1086 1394 1259 1478 regis
1304 1393 1429 1457 iter
1475 1396 1566 1477 et,
1620 1394 1795 1458 Medi
1845 1417 1930 1458 an
1972 1393 2212 1459 Albani
2257 1397 2648 1479 peterentur,

293 1480 638 1564 incertum,
684 1480 894 1546 lucem
942 1482 1301 1566 opperitur,
1355 1482 1834 1565 praemissaque
1879 1482 2041 1548 levis
2089 1487 2441 1566 armatura,
2488 1504 2650 1566 quae
2708 1510 2733 1549 5

294 1588 517 1633 muros
580 1569 838 1633 interim
903 1569 1179 1633 ambiret
1248 1571 1926 1655 oppugnationemque
1999 1572 2248 1635 eminus
2322 1572 2649 1655 inciperet.

296 1656 410 1721 sed
458 1657 764 1740 oppidani
820 1657 1025 1742 portis
1082 1661 1315 1741 sponte
1359 1658 1700 1741 patefactis
1756 1680 1823 1722 se
1870 1681 2111 1743 suaque
2156 1658 2469 1723 Romanis
2515 1679 2655 1742 per-

298 1745 556 1829 misere,
609 1746 783 1830 quod
828 1744 1102 1810 salutem
1148 1746 1308 1829 ipsis
1355 1746 1537 1811 tulit:
1593 1746 1926 1811 Artaxatis
1972 1748 2144 1834 ignis
2200 1747 2506 1812 inmissus
2553 1745 2656 1810 de-

297 1833 558 1917 letaque
616 1837 682 1897 et
736 1834 876 1898 solo
940 1837 1214 1918 aequata
1269 1838 1446 1919 sunt,
1512 1836 1667 1918 quia
1727 1857 1845 1900 nec
1906 1836 2112 1900 teneri
2164 1841 2457 1918 poterant
2518 1834 2656 1899 sine

297 1921 512 1985 valido
549 1922 870 2005 praesidio
909 1923 993 1986 ob
1029 1923 1542 2007 magnitudinem
1570 1925 1898 1988 moenium
1934 1946 2052 1989 nec
2089 1924 2156 1988 id
2191 1925 2381 1989 nobis
2418 1923 2655 1988 virium
2686 1951 2738 1989 ιο

299 2012 457 2093 erat,
503 2010 677 2092 quod
711 2011 1029 2075 firmando
1074 2012 1395 2094 praesidio
1453 2014 1518 2075 et
1573 2013 1959 2095 capessendo
2016 2012 2187 2077 bello
2247 2012 2655 2093 divideretur,

296 2097 402 2161 vel
432 2097 503 2181 ‚si
547 2098 801 2183 integra
846 2103 912 2163 et
957 2100 1352 2164 incustodita
1405 2100 1946 2185 relinquerentur,
2001 2101 2183 2164 nulla
2238 2101 2307 2164 in
2353 2121 2429 2164 eo
2483 2098 2658 2164 utili-

297 2189 398 2250 tas
455 2189 568 2250 aut
622 2187 856 2272 gloria,
915 2189 1089 2272 quod
1146 2192 1334 2272 capta
1388 2192 1618 2254 essent.
1710 2190 1987 2253 adicitur
2038 2188 2423 2253 miraculum
2479 2187 2657 2255 velut
2762 2259 2772 2278 .

295 2275 561 2338 numine
624 2275 942 2341 oblatum:
1004 2299 1155 2340 nam
1222 2280 1452 2341 cuncta
1506 2276 1841 2341 Artaxatis
1905 2282 2094 2341 tenus
2158 2277 2293 2341 sole
2357 2276 2657 2340 inlustria

297 2362 505 2450 fuere3
549 2368 829 2449 repente,
867 2366 1041 2448 quod
1078 2365 1417 2430 moenibus
1455 2365 1850 2452 cingebatur,
1887 2366 1980 2430 ita
2016 2369 2156 2430 atra
2190 2365 2362 2429 nube
2400 2385 2657 2448 cooper-
2688 2390 2738 2430 15

298 2455 442 2516 tum
495 2452 987 2537 fulgoribusque
1045 2454 1395 2519 discretum
1441 2457 1539 2519 est
1552 2505 1570 2539 ,
1624 2458 1699 2518 ut
1731 2455 1939 2537 'quasi
1993 2454 2466 2519 infensantibus
2524 2452 2657 2517 deis

302 2540 502 2604 exitio
549 2541 717 2605 tradi
763 2544 1142 2607 crederetur.
1236 2543 1317 2607 ob
1365 2542 1523 2607 haec
1571 2543 2011 2607 consalutatus
2066 2543 2420 2626 imperator
2462 2540 2658 2623 Ner0,

300 2631 368 2692 et
414 2632 673 2693 senatus
718 2630 1013 2695 consulto
1060 2630 1564 2715 supplicationes
1609 2631 1885 2716 habitae,
1941 2634 2317 2715 statuaeque
2363 2634 2430 2694 et
2475 2651 2659 2694 arcus

299 2719 368 2779 et
421 2718 713 2781 continui
767 2719 1138 2783 consulatus
1192 2721 1497 2804 principi,
1563 2723 1765 2804 utque
1829 2721 1998 2783 inter
2055 2719 2256 2784 festos
2311 2719 2659 2783 referretur

300 2805 466 2889 dies,
521 2827 649 2888 quo
704 2811 959 2889 patrata
1010 2809 1306 2891 victoria,
1364 2829 1492 2891 quo
1547 2809 1870 2892 nuntiata,
1936 2829 2064 2892 quo
2120 2808 2397 2872 relatum
2431 2806 2529 2870 'de
2586 2827 2661 2869 83
2689 2833 2741 2871 so

302 3001 440 3070 leyes
477 3043 487 3053 .
532 3043 542 3054 .
574 3000 1068 3068 proscriberentwr,
1113 2999 1343 3053 omissas
1383 3000 1672 3067 petitiones
1715 3014 1829 3053 non
1872 2999 2027 3053 ultra
2062 3015 2275 3052 amam
2312 3003 2661 3062 resumerent,

303 3076 398 3138 15,
438 3076 469 3123 6
507 3072 686 3125 dilata
716 3085 946 3139 prorsus
990 3087 1174 3138 mma,
1219 3076 1284 3123 ut
1304 3069 1608 3152 ‘Voloqeses
1646 3113 1655 3123 .
1699 3112 1710 3123 .
1748 3075 2002 3136 certaret,
2050 3069 2283 3123 Corbulo
2320 3069 2541 3122 meritae
2572 3073 2664 3150 ’tot

294 3140 2268 3308 mm?{12²2..²“b00aessffi“.331‘}52?5311²31325.“}“3‘...mathanai-5234.
2281 3145 2330 3278 Ἴ·
2344 3140 2663 3264 (111Ρᾶ8ῗὲἒῖ

306 3299 349 3336 s.
378 3299 447 3334 zu
478 3281 583 3352 ΚΡ.
615 3288 664 3351 9,
697 3288 779 3336 17.
814 3282 822 3354 Ι
857 3288 940 3336 16.
977 3299 1077 3336 nec
1113 3283 1353 3350 amplius
1389 3298 1556 3350 quam
1616 3281 1732 3334 und
1769 3281 1853 3334 als
1890 3281 2077 3334 nichts
2114 3282 2311 3334 welter
2344 3278 2663 3350 geschehen

305 3367 438 3420 war,
478 3352 562 3405 als
602 3352 768 3408 dass’.
834 3342 1082 3405 Ahnlich
1117 3350 1196 3405 ist
1231 3351 1326 3406 (118
1360 3351 1575 3420 Ellipse
1612 3351 1765 3405 eines
1794 3351 1993 3404 Aktivs
2032 3352 2349 3421 (faciebant)
2386 3350 2447 3403 in
2477 3354 2562 3418 15,
2596 3355 2662 3402 13

303 3440 404 3477 nec
439 3423 599 3476 alwd
634 3440 799 3493 quam
836 3421 1029 3494 (οὐδὲν
1067 3422 1199 3477 ἄλλο
1235 3421 1294 3491 ἢ)
1330 3425 1669 3478 munimenta
1697 3422 2132 3492 propugnabant
2170 3422 2288 3474 und
2322 3420 2454 3475 hist.
2495 3426 2554 3488 2,
2594 3425 2660 3473 91

304 3510 421 3548 non
455 3500 638 3548 tamen
672 3495 824 3549 ultra
860 3511 1025 3563 quam
1061 3495 1310 3548 tm‘bunos
1338 3494 1518 3561 plebis
1552 3494 1617 3546 in
1652 3493 1929 3546 auoeilium
1964 3493 2265 3546 advocavit.

486 3562 589 3618 41.
645 3569 692 3617 1.
732 3565 969 3645 agitavit
1007 3563 1169 3633 ‘ging
1204 3581 1272 3616 zu
1309 3563 1497 3631 Rato’,
1537 3580 1579 3617 s.
1619 3581 1688 3615 zu
1727 3568 1809 3630 11,
1840 3568 1926 3631 29,
1956 3567 2004 3616 3.
2065 3563 2075 3632 Ι
2132 3569 2183 3616 4.
2222 3562 2401 3615 Unter
2435 3559 2663 3613 Medien

305 3634 389 3688 ist
420 3633 483 3687 in
519 3634 618 3688 der
651 3634 969 3688 romischen
1006 3633 1130 3688 Zcit
1172 3651 1279 3687 nur
1325 3633 1426 3687 (181
1469 3632 1901 3686 nordwestliche
1939 3631 2064 3686 Τ811
2111 3632 2209 3685 des
2253 3631 2407 3685 alten
2442 3630 2661 3685 Meder-

307 3703 524 3758 reiches
562 3722 630 3758 zu
667 3705 987 3772 verstehen‚
1036 3705 1182 3758 auch
1218 3704 1565 3772 Atropatene
1603 3704 1855 3773 genannt
1897 3703 2046 3755 nach
2084 3702 2213 3755 dem
2247 3699 2665 3756 Perserfi‘irsten

308 3775 638 3843 Atropates,
689 3775 789 3829 der
825 3791 885 3829 es
931 3791 1038 3828 von
1075 3774 1396 3827 Alexander
1442 3773 1526 3827 als
1566 3772 1825 3842 Satrapie
1867 3773 2126 3827 erhalten
2160 3773 2337 3826 hatte.
2415 3771 2665 3826 Seitdem

306 3861 427 3898 war
463 3862 521 3899 es
559 3845 684 3900 eine
722 3843 972 3899 erbliche
1008 3844 1350 3912 Monarchie,
1388 3844 1546 3897 ward
1576 3843 1785 3913 jedoch
1821 3846 1987 3897 unter
2020 3842 2232 3912 Trajan
2269 3841 2457 3912 einige
2493 3842 2526 3896 J
2529 3842 2665 3896 ahre

272 3915 763 3987 -tributpflichtig
826 3918 835 3986 Ι
894 3904 1046 3970 Uber
1081 3915 1174 3969 (118
1217 3914 1420 3968 Albani
1468 3932 1508 3969 s.
1550 3932 1620 3968 zu
1667 3920 1761 3983 12,
1798 3921 1884 3968 45.
1946 3917 1955 3983 Ι
2016 3920 2097 3968 11.
2137 3915 2473 3969 divideretwr
2523 3912 2667 3966 ‘sich

307 3985 485 4040 teilen
520 3986 722 4055 liefse'‚
768 4004 810 4041 s.
851 4005 919 4040 zu
955 3993 1015 4054 4,
1056 3992 1105 4054 7,
1145 3992 1193 4038 9.
1267 4003 1366 4041 nec
1392 4017 1462 4026 —-
1490 3986 1825 4040 divideretwr
1859 3985 2030 4039 freier
2064 3986 2354 4039 ubersetzt
2392 3984 2531 4037 ‘und
2565 3982 2670 4036 wir

309 4055 471 4110 nicht
507 4057 682 4110 soviel
709 4057 1073 4111 Strcitkrafte
1107 4056 1326 4125 hatten,
1364 4074 1458 4109 11111
1495 4056 1681 4109 neben
1718 4055 1872 4109 einer
1897 4055 2190 4125 kraftigen
2217 4055 2538 4124 Besatzung
2576 4053 2667 4107 ein

310 4126 531 4181 aktives
570 4126 1042 4198 Operationsheer
1074 4126 1275 4181 halten
1311 4145 1379 4180 zu
1415 4126 1683 4180 konnen’.
1718 4130 1726 4195 Ι
1761 4132 1843 4180 12.
1882 4127 1966 4181 vel
2002 4128 2144 4180 statt
2180 4133 2296 4193 aut,
2332 4123 2439 4177 1118
2480 4130 2563 4192 14,
2599 4129 2666 4176 35

309 4199 638 4252 vincendum
672 4199 754 4252 vel
789 4200 1114 4265 cadendum,
1148 4197 1279 4252 hist.
1300 4204 1365 4267 .1‚
1397 4203 1462 4251 21
1502 4199 1770 4252 oblivione
1806 4199 1888 4251 vel
1922 4198 2116 4267 yloria.
2181 4196 2265 4249 Ist
2298 4193 2612 4248 taciteisch.
2656 4193 2663 4264 Ι

312 4273 396 4321 16.
437 4267 541 4323 1)18
576 4268 921 4323 Nebenform
955 4270 1180 4339 fulyora
1217 4271 1381 4337 (statt
1415 4268 1669 4339 falyura)
1708 4267 1861 4322 steht
1898 4267 2044 4321 auch
2080 4266 2191 4320 Cic.
2232 4267 2302 4319 de
2340 4264 2449 4319 div.
2482 4270 2508 4316 1
2541 4270 2571 4329 ξ
2603 4269 2667 4315 12

311 4338 430 4391 1111(1
467 4343 499 4391 2
537 4346 568 4405 ς
603 4345 671 4392 42
709 4339 855 4409 (hier
888 4339 1096 4393 Mullei‘·
1128 4340 1492 4409 fulytomlbus),
1531 4338 1669 4393 Min.
1709 4337 1824 4392 Fel.
1864 4344 1922 4406 5,
1962 4344 2011 4392 9.
2079 4337 2131 4390 S.
2172 4335 2318 4390 Geor
2360 4351 2443 4389 es:
2480 4333 2670 4387 Wort-

311 4408 535 4463 foi-men
571 4426 613 4464 s.
643 4429 690 4464 1.
724 4412 734 4480 Ι
765 4411 1057 4466 discretum
1095 4409 1502 4464 ‘durchzuckt'.
1547 4412 1556 4480 Ι
1596 4396 1751 4463 Uber
1784 4409 2063 4475 infensare
2100 4425 2141 4460 s.
2180 4424 2250 4459 zu
2336 4423 2389 4474 p.
2430 4410 2526 4473 37,
2566 4410 2615 4457 2.
