3075 4800
1079 239 1295 293 LIBER
1331 241 1448 294 XV.
1505 239 1657 294 CAP.
1699 245 1924 294 54-56.
2593 242 2677 314 91

323 426 476 469 111οΧ
523 404 604 467 ab
650 423 725 467 eo
773 401 854 464 ad
898 399 1250 484 Neronem,
1305 422 1543 487 urgens
1597 401 1952 485 periculum
1963 453 1980 485 ,
2036 424 2262 487 graves
2312 403 2679 468 coniuratos

321 497 386 558 et
432 496 659 574 cetera,
707 511 870 574 quae
916 489 1248 553 audiverat
1291 495 1406 554 ant
1449 491 1935 572 coniectaverat,
1981 491 2182 555 docet.
2276 490 2478 555 telum
2524 513 2679 574 quo-
2733 519 2760 558 5

325 604 450 664 que
496 583 567 645 in
608 600 830 644 necem
878 579 1014 642 eius
1059 580 1357 661 paratum
1403 579 1687 643 ostendit
1733 579 2052 662 accirique
2097 601 2278 643 reum
2325 580 2531 643 iussit.
2624 580 2679 643 is

321 674 548 753 raptus
593 690 708 751 per
753 667 991 730 milites
1039 670 1105 729 et
1148 666 1585 730 defensionem
1632 689 1842 751 013113,
1896 667 2166 751 ferrum,
2222 669 2403 732 cuius
2459 690 2682 753 argue-

321 761 529 840 retur,
586 757 743 820 olim
787 754 1101 840 religione
1144 754 1356 837 patria
1401 755 1649 819 cultum
1696 760 1762 820 et
1807 758 1877 820 in
1921 756 2217 821 cubiculo
2263 757 2560 821 habitum
2606 778 2681 822 ac

321 846 545 909 fraude
590 843 809 907 liberti
856 843 1232 927 subreptum
1276 844 1637 927 respondit,
1693 845 1945 909 tabulas
2001 846 2369 909 testamenti
2426 846 2679 928 saepius

322 956 363 998 a
409 955 476 997 se
532 936 598 996 et
642 931 1034 996 incustodita
1079 932 1328 995 dierum
1375 932 1823 997 observatione
1870 935 2169 1018 signataS.
2261 935 2564 1018 pecunias
2616 938 2681 998 et
2709 957 2762 996 10

322 1022 654 1087 libertates
702 1021 902 1085 servis
949 1024 1015 1084 et
1059 1024 1208 1085 ante
1244 1021 1412 1084 dono
1452 1021 1652 1104 dataS,
1700 1023 1811 1085 sed
1848 1022 1990 1085 ideo
2029 1026 2182 1086 tunc
2219 1022 2482 1108 largius,
2528 1023 2681 1106 quia

325 1111 505 1175 tenui
560 1111 689 1173 iam
742 1131 813 1172 re
868 1108 1176 1172 familiari
1239 1112 1305 1172 et
1358 1110 1749 1173 instantibus
1804 1110 2227 1174 creditoribus
2293 1115 2678 1175 testamento

325 1199 663 1263 diffideret.
755 1198 1080 1261 enimvero
1127 1197 1423 1261 liberales
1479 1219 1730 1281 semper
1783 1198 2004 1281 epulas
2062 1200 2398 1283 struxisse,
2452 1201 2681 1264 ‘vixisse

323 1289 524 1352 vitam
571 1307 906 1350 amoenam
962 1290 1028 1349 et
1082 1286 1259 1349 duris
1305 1285 1625 1350 iudicibus
1670 1309 1899 1370 parum
1945 1287 2299 1370 probatam.
2391 1288 2680 1352 fomenta

321 1374 694 1439 vulneribus
740 1374 919 1438 nulla
965 1375 1146 1437 iussu
1191 1396 1335 1458 suo,
1392 1375 1503 1438 sed
1559 1376 1710 1458 quia
1766 1378 1976 1439 cetera
2028 1375 2243 1458 palam
2298 1398 2463 1440 vana
2509 1376 2677 1440 obie-
2708 1396 2760 1438 15

324 1466 543 1547 cisset,
608 1464 954 1548 adiungere
1010 1464 1278 1547 crimen,
1342 1464 1524 1527 cuius
1582 1485 1648 1526 se
1702 1464 1943 1547 pariter
1996 1464 2271 1528 indicem
2328 1469 2393 1528 et
2447 1468 2679 1528 testem

323 1554 578 1617 faceret.
652 1552 848 1616 adicit
893 1551 1083 1615 dictis
1129 1553 1586 1633 constantiam3
1631 1552 1885 1616 incusat
1919 1552 2092 1616 ultro
2135 1553 2569 1616 intestabilem
2616 1557 2682 1617 et

327 1641 856 1723 consceleratum,
912 1643 1093 1703 tanta
1137 1641 1314 1704 vocis
1361 1662 1435 1705 ac
1480 1639 1699 1703 vultus
1746 1642 2112 1724 securitate,
2168 1644 2242 1704 ut
2295 1641 2543 1705 labaret
2588 1642 2681 1704 in—

323 1730 581 1814 dicium,
642 1729 772 1792 nisi
831 1728 1172 1792 Milichum
1235 1749 1400 1792 uxor
1463 1729 1900 1792 admonuisset
1953 1727 2314 1793 Antonium
2376 1728 2679 1794 Natalem

323 1819 527 1882 multa
582 1838 730 1882 cum
785 1815 1096 1881 Scaevino
1153 1838 1228 1882 ac
1281 1821 1524 1881 secreta
1578 1817 1991 1882 conlocutum
2055 1822 2121 1882 et
2179 1840 2316 1883 esse
2371 1821 2679 1901 utrosque
2706 1839 2760 1878 20

325 1905 391 1971 C.
428 1906 682 1970 Pisonis
729 1900 1010 1970 intimos.

503 1995 681 2081 Ergo
721 1994 963 2058 accitur
996 1993 1278 2077 Natalis,
1325 1998 1390 2058 et
1435 1994 1673 2058 diversi
1718 1995 2223 2080 interrogantur,
2280 1996 2576 2077 quisnam
2622 1995 2678 2060 is
2696 1988 2783 2054 56

326 2105 555 2167 serm0,
603 2106 729 2166 qua
775 2083 853 2146 de
897 2105 967 2147 re
1011 2083 1256 2146 fuisset.
1348 2086 1489 2146 tum
1536 2087 1759 2146 exorta
1805 2083 2114 2167 suspici0,
2161 2084 2312 2167 quia
2354 2105 2488 2147 non
2531 2104 2678 2148 con-

323 2173 622 2260 gruentia
665 2172 1142 2255 responderant,
1188 2170 1518 2254 inditaque
1554 2172 1781 2236 vincla.
1856 2175 1921 2236 et
1957 2175 2427 2236 tormentorum
2464 2193 2678 2255 aspec-

323 2267 466 2326 tum
513 2282 586 2324 ac
631 2261 837 2324 minas
881 2280 1016 2323 non
1059 2259 1290 2323 tulere:
1344 2261 1523 2343 prior
1573 2263 1790 2324 tamen
1834 2258 2116 2344 Natalis,
2169 2261 2372 2324 totius
2427 2262 2677 2344 conspi-

320 2351 593 2414 rationis
639 2349 846 2435 magis
894 2370 1159 2435 gnarus,
1214 2348 1407 2412 simul
1453 2349 1764 2434 arguendi
1808 2349 2102 2433 peritior,
2148 2349 2227 2413 de
2271 2347 2505 2414 Pisone
2549 2350 2676 2433 pri-
2730 2369 2756 2411 5

322 2461 501 2503 mum
537 2439 795 2521 fatetur,
833 2438 1060 2502 deinde
1098 2438 1295 2502 adicit
1329 2436 1669 2502 Annaeum
1708 2437 2032 2521 Senecam,
2070 2438 2205 2502 sive
2241 2439 2675 2502 internuntius

322 2529 492 2594 inter
546 2550 693 2591 eum
747 2525 1176 2609 Pisonemque
1230 2526 1359 2589 fuit
1413 2527 1548 2590 sive
1602 2530 1677 2589 ut
1727 2525 2006 2591 Neronis
2071 2528 2345 2612 gratiam
2405 2531 2676 2611 pararet,

323 2618 436 2701 (1111
491 2616 778 2680 infensus
828 2615 1103 2680 Senecae
1159 2636 1381 2678 omnes
1436 2615 1517 2678 ad
1574 2637 1719 2678 eum
1768 2615 2260 2698 opprimendum
2306 2618 2476 2679 artes
2533 2637 2677 2679 con-

324 2705 635 2788 quirebat.
728 2708 869 2769 tum
920 2704 1182 2789 cognito
1227 2702 1482 2768 Natalis
1537 2704 1775 2768 indicio
1825 2703 2170 2768 Scaevinus
2226 2724 2482 2787 quoque
2535 2705 2676 2787 pari

294 2793 743 2874 inbecillitate
790 2814 884 2873 an·
917 2796 1146 2857 cuncta
1192 2792 1321 2856 iam
1361 2792 1683 2876 patefacta
1729 2793 1991 2857 credens
2035 2814 2154 2857 nec
2190 2791 2395 2855 ullum
2436 2792 2677 2856 silentii
2705 2813 2757 2852 10

322 2882 856 2965 emolumentum,
912 2882 1111 2944 edidit
1163 2885 1424 2966 ceteros.
1517 2902 1596 2944 ex
1643 2881 1877 2964 quibus
1921 2880 2217 2945 Lucanus
2266 2878 2675 2955 Quintianus-

321 2993 445 3055 que
493 2974 557 3034 et
595 2970 860 3035 Senecio
909 2970 1020 3033 diu
1065 2959 1369 3033 abnuere:
1400 2974 1566 3056 ,post
1609 2970 1928 3056 promissa
1971 2969 2334 3052 inpunitate
2370 2970 2676 3053 corrupti,

325 3081 453 3142 quo
520 3059 890 3123 tarditatem
955 3062 1356 3143 excusarent,
1429 3055 1752 3128 Lucanus>
1788 3056 2064 3122 Aciliam
2139 3060 2410 3121 matrem
2476 3079 2676 3141 suam,

501 3222 549 3271 7.
602 3218 759 3271 cuius
800 3216 1028 3283 ‘wegen
1075 3214 1326 3282 dessen’‚
1350 3241 1353 3242 ⁷
1373 3214 1499 3268 eine
1543 3211 1880 3283 prag-nante,
1898 3212 2324 3268 Konstruktion.
2386 3217 2394 3279 Ι
2456 3219 2540 3267 10.
2587 3215 2674 3267 in·

321 3288 593 3342 custodita
630 3286 775 3356 (hier
810 3311 876 3331 ====
916 3291 1032 3339 non
1064 3286 1365 3355 custodita)
1411 3287 1626 3341 dierum
1666 3286 2056 3351 observatione,
2103 3282 2677 3353 einpleonastischer

320 3356 636 3412 Ausdruck-
666 3357 842 3425 ‘ohne
889 3356 1013 3409 dass
1060 3371 1137 3409 er-
1164 3356 1527 3411 bestimmten
1574 3355 1768 3425 Tagen
1822 3354 1964 3424 (also
2012 3355 2156 3408 auch
2213 3355 2343 3412 dem
2381 3353 2675 3425 ,gestrigen

319 3427 501 3497 nicht)
529 3428 839 3483 besondere
866 3427 1200 3497 Beachtung
1226 3427 1538 3496 geschenkt
1563 3427 1767 3480 hatte’.
1802 3428 1809 3497 Ι
1855 3433 1937 3481 11.
1976 3432 2028 3482 et
2053 3432 2180 3481 ante
2210 3426 2407 3488 ‘sehon
2436 3425 2675 3495 vorher',

48 3475 53 3480 0
220 3531 225 3547 2
262 3525 265 3526 ⁷
321 3516 362 3552 s.
402 3516 471 3552 zu
511 3504 603 3568 14,
644 3504 700 3568 7,
736 3504 789 3553 8.
850 3500 858 3571 Ι
920 3499 1240 3553 laminis-se
1275 3499 1468 3565 vitam,
1516 3498 1698 3567 figura
1734 3496 2110 3566 etymologica
2144 3495 2252 3550 wie
2291 3502 2383 3560 12,
2415 3502 2480 3549 31
2520 3498 2677 3551 clara

319 3571 577 3637 facinora
622 3571 805 3637 fecere.
886 3569 1008 3638 Vgl.
1048 3568 1159 3623 Cic.
1188 3567 1344 3623 Verr.
1381 3569 1434 3622 H
1461 3575 1493 3622 2
1534 3574 1565 3635 ἓ
1598 3573 1700 3622 118
1747 3585 1856 3638 quor
1895 3570 2147 3624 tutiorem
2191 3583 2301 3621 3333
2346 3568 2517 3622 vitam
2560 3583 2675 3622 meo

313 3641 598 3708 praesidio
632 3642 872 3696 victwros
897 3656 1006 3695 3333
1033 3641 1453 3707 arbitrarentur,
1488 3656 1591 3708 pro
1621 3638 1836 3693 Cluent.
1866 3645 1897 3704 ξ
1929 3644 2032 3692 170
2060 3646 2125 3692 nt
2149 3639 2323 3705 illam,
2360 3655 2525 3706 qua-m
2561 3645 2676 3693 tam

321 3711 414 3765 ille
449 3712 678 3778 vivebat,
712 3712 883 3767 vitam
918 3727 1028 3765 esse
1062 3712 1440 3766 arbitraretur.
1489 3713 1496 3779 Ι
1547 3716 1630 3764 14.
1668 3710 1908 3776 fomenta
1933 3710 2251 3765 vulneribus
2276 3709 2436 3762 nulla
2473 3726 2546 3762 sc.
2568 3726 2677 3778 pa-

320 3788 465 3837 rata.
526 3785 533 3851 Ι
596 3788 678 3837 15.
718 3784 851 3852 quia
878 3814 951 3823 —
977 3783 1250 3837 obiecisset
1288 3780 1438 3835 ‘weil
1475 3780 1568 3834 die
1603 3779 1845 3850 fibrigen
1879 3779 2449 3849 Anschuldigungen‚
2488 3779 2580 3834 die
2620 3797 2679 3834 er

319 3851 711 3922 vorgebracht,
749 3852 1002 3907 offenbar
1034 3852 1256 3923 nichtig
1289 3851 1486 3907 seien'.
1537 3853 1546 3924 Ι
1599 3858 1681 3906 16.
1713 3852 1931 3921 pariter
1966 3853 2200 3906 indicem
2227 3858 2277 3906 et
2303 3857 2499 3918 testem,
2538 3868 2580 3906 s.
2610 3869 2677 3904 zu

252 3961 255 3962 ν
324 3928 408 3990 13,
439 3928 525 3992 39,
557 3928 641 3978 13.
703 3927 711 3992 Ι
773 3930 854 3977 17.
893 3925 1258 3979 constantiam
1297 3922 1751 3977 ‘Gelassenheit'.

501 3994 601 4050 56.
653 4001 699 4049 1.
740 3996 943 4049 diversi
973 3995 1273 4063 ‘gen-eunt,
1303 3993 1564 4047 einzeln'.
1617 3997 1625 4063 Ι
1677 3999 1726 4048 3.
1763 3994 1950 4049 vincla
1976 3993 2165 4048 indere
2194 3993 2339 4047 auch
2370 3999 2453 4061 11,
2477 3999 2524 4061 1,
2546 3998 2629 4046 32.
2665 3992 2672 4058 Ι

321 4069 369 4118 3.
409 4071 813 4121 tormentorum.
882 4065 1002 4119 Nur
1039 4064 1287 4119 Sklaven
1321 4064 1552 4118 wurden
1587 4064 1871 4134 gesoltert.
1928 4063 2208 4134 Geplante
2244 4065 2541 4117 Attentate
2581 4062 2684 4115 auf

321 4135 431 4189 den
459 4135 661 4190 Kaiser
688 4136 826 4190 aber
849 4135 1126 4190 brachten
1153 4136 1299 4189 auch
1326 4135 1734 4210 Freigeborene
1765 4134 1868 4189 auf
1890 4135 1983 4189 die
2010 4135 2215 4188 Folter.
2266 4137 2276 4198 1
2326 4139 2375 4188 5.
2406 4135 2679 4205 aryuendi

252 4224 254 4227 ’
312 4208 550 4275 peritior
598 4207 723 4260 ‘ein
767 4207 1158 4277 gewiegterer‚
1179 4205 1586 4260 Denunziant’.
1647 4211 1654 4272 Ι
1715 4212 1797 4261 10.
1845 4206 2198 4261 inbecillitate
2242 4222 2320 4258 cm
2355 4236 2426 4244 —
2459 4205 2678 4259 credens

319 4291 463 4346 ganz
491 4277 601 4350 wie
620 4284 671 4346 2,
692 4284 925 4333 22111313
951 4277 1197 4332 invidiae
1223 4295 1302 4331 an
1325 4283 1483 4333 ratas
1510 4278 1897 4331 conscientiam
1920 4278 2059 4344 facti
2084 4276 2221 4331 satis
2247 4291 2371 4330 3333.
2403 4277 2415 4357 1
2448 4281 2531 4330 12.
2561 4291 2675 4330 cor-

319 4349 476 4417 rupti
514 4348 838 4473 ‘verlzijoeg'
886 4353 893 4419 Ι
947 4353 1029 4403 13.
1067 4349 1256 4403 Acilia
1291 4364 1410 4401 war
1446 4346 1539 4401 die
1567 4347 1809 4402 Tochter
1844 4346 1998 4401 eines
2025 4346 2277 4401 Redners
2314 4345 2531 4399 Acilius
2567 4346 2676 4399 Lu-

323 4433 496 4473 canus
534 4437 637 4473 aus
718 4436 781 4474 or
821 4420 949 4474 uba.
