3075 4800
457 235 541 299 32
616 234 832 297 CORN.
858 232 1014 288 TAC.
1046 234 1142 286 AB
1168 232 1491 287 EXOESSU
1518 232 1675 287 DIVI
1703 232 1868 288 AUG.
1899 231 2115 286 LIBER
2145 231 2237 285 XI.
2278 231 2432 286 CAP.
2462 236 2545 284 37.
2579 236 2664 285 38.

457 400 721 461 exactor
766 417 800 459 e
845 395 1099 459 libertis
1135 394 1405 458 Euodus
1453 395 1657 459 datur.
1741 395 1924 478 isque
1968 395 2207 478 raptim
2254 395 2322 457 in
2368 392 2595 457 hortos
2629 415 2823 479 prae-

460 506 715 570 gressus
776 484 1061 568 repperit
1124 484 1336 548 fusam
1391 483 1601 567 humi,
1665 482 1997 547 adsidente
2051 486 2257 546 matre
2313 481 2580 565 Lepida,
2648 504 2821 566 quae

458 574 718 638 florenti
763 572 935 637 filiae
980 572 1153 636 haud
1199 593 1465 637 concors
1512 572 1828 655 supremis
1875 572 2012 635 eius
2049 569 2540 636 necessitatibus
2578 570 2659 633 ad
2697 571 2820 634 mi-

390 688 442 727 15
464 662 848 727 serationem
885 662 1093 726 evicta
1130 665 1265 725 erat
1305 661 1758 744 suadebatque,
1792 680 1875 723 ne
1910 681 2352 743 percussorem
2382 658 2819 742 opperiretur:

461 751 769 815 transisse
834 751 1035 815 vitam
1096 772 1305 834 neque
1368 749 1547 813 aliud
1612 770 1804 833 quam
1860 748 2057 812 morti
2114 747 2305 812 decus
2361 748 2816 831 quaerendum.

462 840 573 904 sed
618 841 833 904 animo
880 862 996 922 per
1040 839 1343 902 libidines
1391 840 1696 920 corrupto
1742 836 1908 900 nihil
1952 835 2295 903 honestum
2342 837 2576 921 inerat3
2629 836 2818 899 lacri-

463 950 733 1013 maeque
789 931 853 992 et
909 930 1172 1011 questus
1221 926 1402 990 inriti
1450 925 1875 1010 ducebantur,
1930 946 2075 989 cum
2123 925 2370 1009 impetu
2417 925 2815 989 venientium

459 1017 681 1102 pulsae
728 1017 899 1080 fores
946 1015 1326 1099 adstititque
1369 1014 1672 1078 tribunus
1716 1036 1832 1097 per
1878 1014 2236 1097 silentium,
2292 1016 2360 1077 at
2404 1013 2676 1077 libertus
2722 1014 2815 1076 in-

356 1131 444 1255 13εέ
465 1103 1138 1276 ωοΡαὲιῖῃῒῗέίιὲιῗῐί
1160 1103 1501 1257 lgrrtiiliilzilld
1524 1103 2124 1275 sglassrilrsitrospexit
2151 1191 2521 1274 ferrumque
2549 1190 2815 1273 accepit,

466 1281 640 1365 quod
694 1282 936 1345 frustra
989 1282 1214 1367 iugulo
1273 1284 1383 1344 aut
1440 1281 1690 1364 pectori
1743 1302 1858 1364 per
1911 1278 2408 1363 trepidationem
2464 1278 2815 1342 admovens

464 1372 598 1433 ictu
644 1370 889 1433 tribuni
935 1370 1333 1455 transigitur.
1427 1391 1659 1451 corpus
1706 1368 1898 1432 matri
1945 1389 2334 1432 concessum.
2421 1367 2818 1431 nuntiatum-

466 1481 589 1542 que
629 1456 895 1522 Claudio
945 1458 1232 1542 epulanti
1277 1458 1518 1541 perisse
1555 1457 1985 1541 Messalinam,
2030 1479 2162 1520 non
2208 1456 2533 1539 distinct0,
2582 1477 2698 1519 sua
2735 1478 2818 1519 an

421 1571 446 1611 5
467 1549 673 1611 aliena
719 1569 931 1610 manu.
1013 1568 1131 1610 nec
1177 1546 1285 1609 ille
1333 1545 1672 1631 quaesivit,
1715 1546 2141 1629 poposcitque
2177 1545 2483 1628 poculum
2520 1548 2588 1608 et
2624 1543 2819 1608 solita

470 1636 763 1699 convivio
811 1634 1174 1699 celebravit.
1257 1655 1337 1697 ne
1386 1634 1622 1697 secutis
1670 1634 1928 1717 quidem
1969 1633 2192 1697 diebus
2232 1633 2364 1696 odii
2402 1632 2639 1718 gaudii,
2686 1633 2821 1696 irae

470 1723 792 1807 tristitiae,
838 1722 1035 1786 ullius
1083 1723 1356 1806 denique
1402 1721 1669 1785 humani
1715 1722 2004 1786 adfectus
2043 1723 2228 1807 signa
2263 1721 2456 1806 dedit,
2503 1743 2635 1785 non
2671 1742 2822 1785 cum

468 1812 784 1874 laetantes
831 1814 1232 1874 accusatores
1279 1812 1618 1894 aspiceret,
1673 1833 1802 1875 non
1850 1832 1995 1874 cum
2041 1811 2213 1874 filios
2259 1814 2634 1874 maerentes.
2718 1811 2826 1872 ‚iu-

474 1900 695 1983 vitque
743 1899 1134 1963 oblivionem
1182 1900 1318 1963 eius
1366 1902 1625 1963 senatus
1671 1899 1984 1963 censendo
2031 1920 2266 1963 nomen
2304 1902 2369 1962 et
2406 1899 2655 1983 effigies
2692 1899 2825 1982 pri-

399 2014 451 2052 ιο
472 1989 638 2054 vatis
685 2010 758 2052 ac
794 1988 1072 2071 publicis
1109 1988 1270 2052 locis
1309 1988 1753 2051 demovendaS.
1827 1987 2081 2052 decreta
2107 1986 2414 2053 Narcisso
2454 1989 2822 2070 quaestoria

467 2078 774 2163 insignia,
838 2077 1239 2141 levissimum
1303 2076 1567 2140 fastidio
1633 2078 1796 2161 eius,
1862 2098 2007 2140 cum
2073 2097 2265 2159 super
2327 2074 2690 2140 Pallantem
2756 2080 2823 2139 et

470 2166 807 2231 Callistum
872 2170 1106 2251 ageret.
1219 2165 1519 2250 [honesta
1584 2166 1869 2248 quidem,
1944 2165 2055 2229 sed
2118 2186 2197 2228 ex
2262 2165 2407 2249 quis
2473 2164 2823 2229 deterrima

470 2258 803 2318 orerentur
850 2255 1138 2317 tristitiis
1184 2255 1456 2337 multis]

1676 2340 1767 2412 0

467 2464 616 2515 spem
661 2452 711 2499 et
745 2446 833 2501 uti
867 2446 1189 2500 necessitate.
1224 2448 1232 2514 1
1268 2450 1349 2499 12.
1388 2452 1606 2500 exactor
1637 2444 2061 2500 ‘Vollstrecker'
2101 2446 2208 2499 wie
2247 2452 2296 2515 3,
2329 2452 2396 2499 14
2433 2452 2612 2500 custos
2650 2447 2824 2500 saluti

469 2535 547 2570 an
592 2518 781 2571 mortis
824 2523 1043 2570 exactor
1076 2523 1409 2584 sequeretur,
1454 2514 1570 2585 Liv.
1612 2521 1643 2569 2
1656 2559 1669 2585 ,
1708 2522 1740 2569 5
1754 2560 1766 2584 ,
1805 2524 1837 2571 5
1885 2523 2100 2584 exaetO,
2137 2517 2412 2586 supplicii.
2458 2518 2466 2586 Ι
2513 2521 2594 2570 13.
2631 2518 2821 2583 fusam

467 2588 621 2642 humi
663 2586 770 2640 wie
815 2587 981 2657 Verg.
1021 2588 1158 2640 Aen.
1190 2592 1249 2654 6,
1278 2590 1399 2641 423.
1435 2587 1443 2658 Ι
1473 2574 1627 2640 Uber
1661 2586 1877 2656 Lepida
1922 2605 1964 2641 s.
2013 2605 2080 2640 zu
2124 2588 2266 2656 Kap.
2307 2593 2353 2642 1.
2389 2590 2397 2656 Ι
2433 2593 2515 2641 14.
2553 2589 2824 2656 supremis

468 2659 875 2713 necessitatibus
928 2656 1079 2726 (hist.
1132 2663 1160 2710 1
1174 2700 1188 2724 ,
1228 2663 1293 2711 72
1341 2674 1595 2726 suprema
1638 2659 1973 2728 necessitas),
2030 2664 2095 2711 15
2109 2702 2122 2726 ,
2162 2664 2226 2712 61
2275 2659 2561 2714 necessitas
2603 2659 2824 2724 ultima,

472 2735 555 2799 13,
588 2735 616 2782 1
655 2748 710 2784 n.
749 2737 1002 2785 extrema.
1076 2728 1507 2798 Euphemismus
1544 2727 1636 2781 ffir
1673 2728 1764 2781 die
1800 2729 1918 2783 Not
1954 2729 2179 2798 dessen,
2228 2728 2328 2783 der
2364 2743 2706 2799 gezwungen
2744 2727 2824 2781 ist

470 2801 590 2855 sich
627 2801 804 2855 selbst
840 2801 949 2855 den
985 2800 1107 2854 Tod
1143 2818 1213 2852 zu
1249 2799 1447 2870 geben.
1482 2802 1490 2868 Ι
1526 2805 1610 2852 15.
1640 2801 1825 2854 evicta.
1891 2799 2019 2870 Vgl.
2054 2807 2100 2868 1,
2132 2806 2198 2854 57
2236 2801 2407 2854 evicta
2443 2801 2507 2853 in
2544 2799 2820 2865 lacrimas,

472 2878 563 2940 15,
603 2879 672 2926 64
719 2873 1106 2927 blandimentis
1150 2873 1294 2926 vitae
1337 2872 1564 2926 evictam
1610 2888 1662 2925 u.
1711 2873 1869 2924 sonst
1913 2870 2042 2940 (vgl.
2090 2871 2256 2940 Verg.
2286 2871 2424 2924 Aen.
2455 2876 2515 2937 4,
2543 2875 2650 2923 474
2697 2887 2821 2941 erqo

468 2944 567 2996 ubi
611 2945 852 3011 concepit
895 2944 1080 3010 furias
1123 2945 1296 2997 evicta
1342 2943 1570 3010 dolore),
1615 2940 1747 2997 hist.
1788 2948 1846 3010 2,
1885 2948 1954 2996 64
2000 2944 2064 2994 in
2107 2942 2376 3013 qaudium
2421 2942 2606 2996 evicta.
2692 2939 2821 2993 ‘Ein

468 3011 1041 3082 Lieblingsausdruck
1104 3014 1202 3066 des
1258 3013 1488 3065 Tacitus
1544 3029 1642 3064 zur
1696 3012 2091 3082 Bezeichnung
2145 3013 2241 3067 des
2298 3010 2821 3081 fiberwaltigenden

471 3081 705 3135 Geffihls
744 3082 850 3135 mit
887 3083 1016 3135 dem
1050 3081 1460 3151 Nebenbegriff
1492 3081 1590 3136 des
1628 3081 2079 3137 Sichstr‘aubens'
2120 3083 2386 3137 Heraeus

652 3152 751 3206 38.
809 3158 858 3206 2.
897 3160 996 3206 aut
1033 3155 1176 3206 statt
1212 3154 1369 3205 modo
1407 3184 1473 3191 —
1512 3154 1685 3207 modo,
1760 3154 1888 3224 Vgl.
1928 3172 1996 3206 zu
2036 3161 2084 3221 1,
2116 3160 2199 3222 16,
2230 3161 2261 3207 6
2300 3155 2365 3207 ob
2402 3154 2681 3207 iustitiam
2717 3158 2818 3205 aut

469 3223 754 3292 qaudium.
789 3223 797 3293 Ι
831 3228 878 3276 5.
919 3240 1019 3292 que
1059 3222 1362 3290 ‘sondern'‚
1401 3240 1442 3276 s.
1483 3240 1552 3275 zu
1595 3232 1639 3292 1,
1671 3229 1754 3292 65,
1786 3231 1833 3278 8.
1879 3227 1887 3292 Ι
1930 3230 1979 3278 8.
2016 3226 2187 3293 filios,
2232 3223 2481 3277 namlich
2519 3223 2630 3277 den
2667 3222 2820 3276 Sohn

472 3293 588 3346 und
622 3292 719 3375 die
747 3292 1003 3361 Tochter‚
1044 3292 1161 3346 also
1204 3291 1320 3346 ‘die
1346 3292 1601 3390 Kinder’‚
1639 3294 1745 3376 wie
1773 3294 1903 3392 hist.
1938 3302 1986 3362 1,
2011 3302 2083 3377 533
2112 3296 2300 3376 stratis
2324 3312 2426 3364 per
2453 3296 2575 3348 vias
2599 3294 2822 3375 feminis

465 3380 979 3488 {ffgffiffz‘effiaffis
1001 3365 1404 3505 ssisyssf‘ffii
1435 3363 2384 3507 252333322331220AE¹555¹13¹¹f¹²135
2419 3364 2821 3502 {statuit

470 3505 586 3558 Fur
630 3503 823 3558 seinen
871 3505 1177 3574 Hochmut‚
1228 3506 1327 3560 der
1371 3505 1529 3558 mehr
1576 3506 1892 3577 verlangte,
1940 3508 2015 3561 da
2060 3524 2120 3561 er
2167 3507 2287 3561 sich
2332 3506 2476 3560 fiber
2511 3507 2570 3561 P.
2609 3506 2726 3559 und
2764 3504 2818 3559 C.

473 3576 662 3630 stellte
713 3578 958 3647 (ayeret),
1005 3593 1122 3629 war
1159 3576 1259 3629 das
1298 3575 1422 3631 eine
1460 3593 1602 3646 ganz
1640 3578 2072 3633 unbedeutende
2108 3578 2270 3632 Ehre.
2306 3579 2314 3647 Ι
2349 3583 2431 3631 12.
2471 3576 2577 3631 Die
2612 3576 2822 3630 letzten

470 3647 669 3701 Worte
713 3648 936 3701 honesta
971 3680 1041 3687 —
1076 3648 1263 3702 multis
1309 3645 1574 3701 scheinen
1622 3648 1714 3702 ein
1752 3648 2007 3703 Glossem
2054 3667 2122 3702 zu
2168 3649 2314 3717 sein,
2360 3647 2557 3702 womit
2585 3646 2821 3717 ‚iemand

475 3717 829 3772 ausdrucken
873 3718 1089 3786 wollte,
1138 3718 1261 3771 dass
1309 3717 1399 3771 die
1445 3718 1816 3790 Beseitigung
1862 3721 1963 3774 der
1998 3720 2304 3774 Messalina
2349 3719 2467 3772 und
2511 3718 2665 3773 ihrer
2710 3719 2822 3770 An-

471 3789 689 3869 hanger
743 3805 891 3844 zwar
941 3788 1178 3855 loblich,
1246 3788 1380 3842 aber
1434 3788 1494 3841 in
1549 3788 1710 3844 ihren
1764 3789 1977 3860 Folgen
2031 3789 2483 3861 verh'angnisvoll
2537 3805 2680 3857 war,
2751 3788 2823 3840 da

476 3858 788 3929 Agnppina
823 3858 961 3912 bald
999 3858 1208 3912 darauf
1239 3858 1330 3913 die
1370 3858 1669 3914 Gemahlin
1708 3861 1805 3916 des
1842 3861 2069 3916 Kaisers
2105 3861 2277 3915 ward.
