3075 4800
415 220 502 284 80
766 220 1115 276 CORNELII
1151 221 1392 277 TACITI
1426 223 1525 277 AB
1563 222 1883 279 EXCESSU
1918 225 2075 279 DIVI
2111 226 2430 282 AUGUSTI

412 382 709 468 libertus,
764 384 842 448 de
896 385 1077 449 cuius
1133 385 1361 471 iurgiis
1417 386 1718 451 adversus
1763 384 2192 473 Agrippinam
2237 390 2488 473 rettuli,
2546 411 2770 473 aspera

342 503 394 543 15
414 473 706 537 custodia
751 477 816 537 et
860 474 1238 538 necessitate
1284 477 1573 539 extrema
1618 475 1699 539 ad
1743 479 2019 539 mortem
2066 476 2297 561 agitur,
2344 477 2549 542 invito
2595 480 2767 561 prin-

413 561 580 646 cipe,
636 561 818 626 cuius
873 561 1109 625 abditis
1155 560 1364 626 adhuc
1408 563 1585 627 vitiis
1632 585 1748 647 per
1792 564 2127 627 avaritiam
2173 584 2247 628 ac
2292 566 2767 652 prodigentiam

413 650 573 714 mire
620 649 1030 735 congruebat.
1799 671 1804 673 *

349 742 392 805 2
590 737 938 820 Ibaturque
985 738 1054 802 in
1099 737 1338 823 caedes,
1386 738 1513 803 nisi
1558 736 1864 803 Afranius
1906 738 2151 804 Burrus
2199 744 2263 805 et
2308 738 2610 808 Annaeus
2660 743 2767 808 Se-

411 846 569 890 neca
604 825 859 889 obviam
895 826 1112 890 issent.
1192 826 1264 889 hi
1300 831 1578 892 rectores
1616 827 2063 911 imperatoriae
2099 828 2395 895 iuventae
2432 835 2513 915 et,
2549 854 2766 897 rarum

411 914 480 977 in
526 914 830 978 societate
874 915 1228 999 potentiae,
1285 916 1658 1000 concordes,
1713 916 1965 980 diversa
2010 921 2145 981 arte
2192 939 2270 982 ex
2317 941 2519 1002 aequo
2565 921 2763 1003 polle-

409 1002 593 1085 bant,
657 1001 902 1067 Burrus
967 1003 1355 1068 militaribus
1420 1004 1591 1069 curis
1661 1007 1726 1068 et
1786 1005 2124 1069 severitate
2178 1027 2457 1091 morum,
2524 1007 2764 1074 Seneca

366 1120 391 1160 5
409 1090 766 1173 praeceptis
822 1091 1223 1175 eloquentiae
1280 1096 1344 1156 et
1389 1093 1692 1157 comitate
1738 1093 2035 1178 honesta,
2086 1094 2379 1159 iuvantes
2426 1097 2495 1160 in
2539 1097 2762 1181 vicem,

411 1199 539 1261 quo
586 1178 839 1243 facilius
884 1180 1198 1245 lubricam
1243 1181 1553 1265 principis
1601 1185 1901 1266 aetatem,
1949 1182 2004 1245 si
2049 1182 2356 1247 virtutem
2403 1206 2763 1268 aspernare-

408 1271 533 1351 tur,
583 1268 1024 1351 voluptatibus
1070 1270 1389 1334 concessis
1433 1271 1800 1335 retinerent.
1892 1273 2215 1335 certamen
2259 1272 2517 1355 utrique
2563 1295 2764 1337 unum

409 1359 546 1419 erat
601 1359 824 1421 contra
878 1357 1182 1422 ferociam
1228 1355 1655 1444 Agrippinae,
1712 1380 1875 1442 quae
1930 1359 2178 1424 cunctis
2229 1360 2433 1424 malae
2480 1360 2765 1426 domina-

409 1444 606 1509 tionis
652 1445 1060 1529 cupidinibus
1106 1447 1387 1531 flagrans
1431 1446 1712 1511 habebat
1757 1447 1826 1510 in
1870 1447 2163 1530 partibus
2207 1448 2585 1534 Pallantem,
2633 1472 2761 1533 quo

339 1562 390 1600 10
410 1536 667 1597 auctore
725 1531 1028 1599 Claudius
1090 1534 1336 1618 nuptiis
1400 1535 1661 1599 incestis
1717 1539 1781 1599 et
1836 1536 2178 1619 adoptione
2235 1538 2507 1602 exitiosa
2561 1544 2762 1603 semet

408 1626 816 1704 perverterat.
900 1623 1010 1688 sed
1054 1645 1262 1705 neque
1297 1622 1546 1687 Neroni
1591 1624 1760 1688 infra
1796 1645 2011 1688 servos
2050 1624 2399 1710 ingenium,
2447 1630 2511 1690 et
2546 1626 2761 1692 Pallas

408 1710 582 1775 tristi
637 1710 1015 1798 adrogantia
1063 1712 1326 1776 modum
1371 1711 1592 1776 liberti
1638 1734 1931 1798 egressus
1976 1713 2259 1777 taedium
2308 1715 2408 1778 sui
2455 1720 2759 1781 moverat.

406 1799 738 1883 propalam
783 1804 1000 1864 tamen
1045 1822 1265 1864 omnes
1312 1800 1381 1864 in
1426 1822 1568 1864 eam
1612 1801 1887 1865 honores
1924 1801 2432 1886 cumulabantur,
2477 1804 2761 1890 signum-

409 1908 533 1968 que
613 1910 790 1952 more
872 1889 1140 1953 militiae
1211 1888 1457 1972 petenti
1529 1889 1791 1953 tribuno
1865 1889 2040 1953 dedit
2114 1889 2418 1974 ‘optimae
2491 1893 2759 1958 matris.'

336 2005 386 2045 15
407 1975 645 2040 decreti
700 1981 765 2040 et
819 1999 857 2040 a
911 1981 1137 2041 senatu
1191 1977 1318 2041 duo
1374 1977 1660 2061 lictores,
1724 1978 2100 2041 flamonium
2157 1977 2500 2064 Claudiale,
2565 1981 2760 2045 simul

410 2061 676 2128 Claudio
723 2066 1086 2130 censorium
1131 2066 1326 2130 funus
1375 2069 1439 2131 et
1485 2088 1638 2130 mox
1683 2066 2094 2130 consecratio,

344 2156 384 2220 3
580 2151 705 2217 Die
763 2153 1007 2218 funeris
1062 2153 1497 2220 laudationem
1554 2154 1690 2219 eius
1745 2154 2042 2238 princeps
2099 2176 2362 2219 exorsus
2418 2160 2541 2240 est,
2605 2157 2759 2221 dum

405 2242 857 2324 antiquitatem
902 2244 1171 2329 generis,
1218 2244 1587 2308 consulatus
1635 2264 1708 2308 ac
1752 2243 2117 2326 triumphos
2154 2244 2469 2308 maiorum
2507 2267 2760 2309 enume-

408 2405 489 2453 14.
528 2400 729 2455 rettuli.
802 2399 931 2469 Vgl.
974 2405 1058 2467 12,
1087 2406 1171 2454 57.
1242 2403 1250 2471 Ι
1320 2406 1402 2454 15.
1443 2401 1519 2455 ad
1564 2407 1785 2455 mortem
1829 2401 2017 2471 ayitur
2060 2400 2167 2454 wie
2208 2406 2291 2468 13,
2319 2406 2389 2454 43
2427 2403 2502 2457 ad
2538 2410 2758 2457 mortem

406 2477 570 2525 actas.
605 2470 614 2539 1
650 2476 730 2524 16.
753 2472 1111 2542 prodiyentia
1147 2470 1223 2525 ist
1258 2488 1367 2525 vox
1403 2470 1653 2539 Tacitea,
1692 2471 1836 2525 auch
1874 2477 1925 2540 6,
1956 2477 2051 2538 14,
2092 2477 2177 2539 15,
2206 2477 2291 2527 37.

583 2541 642 2597 2.
682 2547 731 2595 2.
785 2529 939 2596 Uber
975 2541 1067 2596 die
1094 2542 1436 2596 Parenthese
1472 2541 1581 2596 mit
1606 2559 1800 2596 rmum
1828 2560 1897 2596 zu
1928 2548 1976 2610 1,
2005 2548 2092 2611 39,
2120 2560 2206 2597 wo
2243 2542 2375 2597 hist.
2405 2548 2457 2613 4,
2489 2550 2553 2597 12
2583 2545 2756 2599 nach-

404 2614 676 2682 zutragen
710 2611 788 2665 ist
822 2630 922 2667 nec
947 2613 1141 2682 opibus
1169 2617 1385 2682 (rarum
1411 2615 1494 2682 (so
1521 2612 1758 2682 Tiedke)
1786 2613 1849 2667 in
1874 2614 2123 2669 societate
2149 2614 2505 2683 validiorum)
2535 2617 2759 2670 adtritis

402 2684 550 2737 viros
585 2689 802 2738 tantum
836 2685 1064 2752 imperio
1101 2684 1433 2738 ministrant.
1490 2683 1619 2754 Vgl.
1644 2690 1728 2752 12,
1747 2689 1835 2751 42,
1858 2689 1940 2739 14.
1974 2685 1983 2754 Ι
2017 2689 2065 2738 3.
2095 2701 2162 2738 ex
2188 2702 2358 2754 aequo
2387 2685 2443 2750 ἐξ
2471 2686 2605 2755 (ἀπὸ
2634 2690 2755 2756 τοῦ)

405 2752 528 2807 ἴσον
567 2753 719 2807 steht
756 2754 1084 2822 adverbiell,
1120 2753 1227 2809 wie
1258 2760 1341 2822 15,
1372 2759 1457 2822 13,
1495 2754 1678 2809 Germ.
1709 2760 1795 2822 36,
1832 2753 1963 2807 hist.
1994 2760 2045 2823 2,
2077 2760 2169 2822 77;
2207 2760 2259 2825 4,
2289 2761 2357 2808 64
2391 2774 2444 2810 11.
2475 2774 2523 2812 a.
2573 2757 2757 2811 8011011

402 2823 518 2879 Liv.
554 2830 603 2893 7,
633 2830 702 2877 30
757 2842 825 2879 ex
870 2842 1040 2894 aequo
1083 2826 1291 2880 venisse
1334 2826 1398 2878 in
1442 2826 1763 2880 amicitiam.
1836 2825 2059 2880 Ebenso
2097 2843 2165 2880 ex
2197 2828 2360 2893 facili
2393 2828 2527 2897 Agr.
2560 2834 2652 2895 15,
2690 2845 2757 2883 ex

402 2896 660 2964 affluenti
695 2895 828 2951 hist.
861 2903 909 2963 1,
938 2901 1023 2950 57.
1076 2900 1084 2962 Ι
1144 2902 1193 2950 5.
1232 2898 1484 2951 iuvantes
1519 2898 1585 2950 in
1619 2898 1787 2951 vicem
1820 2896 1928 2950 mit
1962 2896 2317 2967 Auslassung
2353 2898 2451 2953 des
2490 2898 2755 2967 Objekts-

400 2982 763 3034 pronomens,
818 2966 926 3021 wie
964 2972 1050 3034 14,
1080 2972 1146 3020 17
1185 2968 1248 3021 in
1282 2967 1449 3022 vicem
1501 2968 1843 3035 incessenteS,
1898 2966 2029 3023 hist.
2061 2974 2110 3036 2,
2139 2973 2208 3021 47
2248 2971 2456 3038 experti
2490 2971 2555 3023 in
2589 2970 2756 3024 vicem

399 3053 589 3091 sumus
613 3054 670 3090 u.
701 3054 750 3092 a.
807 3036 1099 3091 Klassiker
1134 3037 1322 3092 lassen
1360 3038 1462 3091 das
1490 3037 1743 3091 Reflexiv
1779 3054 1880 3091 aus
1916 3038 2012 3092 bei
2048 3040 2193 3093 inter
2225 3056 2310 3106 se;
2348 3057 2409 3093 so
2449 3040 2591 3094 auch
2621 3040 2751 3095 Tac.

399 3106 532 3162 hist.
564 3113 614 3175 2,
642 3113 711 3161 42
749 3113 1022 3163 noscentes
1056 3109 1201 3163 inter
1234 3125 1302 3163 se.
1365 3108 1373 3180 Ι
1442 3114 1490 3163 6.
1531 3110 1774 3163 lubricus
1807 3125 1938 3162 vom
1968 3108 2376 3179 jugendlichen
2411 3110 2573 3165 Alter
2609 3111 2755 3166 auch

402 3182 489 3246 14,
519 3183 587 3231 56
634 3180 905 3233 lubricum
931 3180 1344 3246 adulescentiae,
1382 3184 1433 3248 6,
1461 3185 1530 3233 49
1560 3181 1827 3234 iwoentae.
1893 3178 1965 3233 80
1995 3180 2167 3234 schon
2197 3178 2309 3235 Cic.
2339 3181 2493 3236 Verr.
2527 3186 2558 3235 5
2596 3188 2627 3248 ξ
2648 3187 2750 3236 137

398 3255 464 3304 ut
512 3250 684 3304 aetati
729 3250 965 3304 maxime
1017 3251 1256 3304 lubricae
1301 3256 1461 3319 atque
1495 3252 1733 3305 incertae
1768 3251 2012 3320 exempla
2046 3252 2319 3320 nequitiae
2353 3282 2424 3291 ——-
2452 3254 2748 3321 praeberet.

399 3318 620 3373 Anders
645 3338 699 3389 p.
722 3318 869 3374 Cael.
891 3326 922 3386 ξ
941 3326 1007 3374 41
1038 3322 1240 3376 multas
1266 3321 1387 3375 vias
1414 3322 1810 3376 adulescentiae
1837 3322 2077 3375 lubricas
2103 3322 2346 3377 ostendit.
2383 3324 2391 3392 Ι
2425 3327 2473 3377 7.
2503 3325 2750 3393 volupta-

398 3391 546 3444 tibus
581 3391 856 3445 concessis.
912 3390 1079 3445 Diese
1113 3390 1459 3461 Konnivenz‚
1497 3392 1676 3446 durch
1713 3390 1806 3446 die
1841 3391 1992 3445 Nero
2029 3391 2339 3446 verdorben
2372 3394 2546 3460 ward,
2585 3393 2751 3448 sollte

400 3460 510 3515 den
546 3460 784 3515 Einflul's
820 3460 1016 3516 beider
1052 3461 1289 3517 sichern.
1333 3464 1341 3532 1
1382 3469 1432 3516 9.
1470 3464 1534 3517 in
1563 3464 1823 3532 partibus
1858 3462 2003 3516 ohne
2041 3463 2656 3533 Possessivpronomen,
2708 3483 2750 3519 S.

398 3549 468 3584 zu
505 3538 555 3600 2,
586 3537 672 3600 76,
700 3537 751 3586 9.
811 3535 819 3603 Ι
881 3537 963 3587 12.
1001 3534 1174 3589 tristis
1212 3533 1444 3601 ε1111111301,
1480 3534 1664 3589 rauh’.
1726 3535 1734 3605 Ι
1794 3539 1878 3588 13.
1918 3535 2195 3589 cumulare
2246 3536 2313 3589 in
2365 3535 2603 3604 aliquem
2646 3534 2754 3590 mit

399 3602 1090 3674 Subjektsvertauschung
1134 3604 1267 3675 (vgl.
1300 3610 1350 3673 2,
1382 3610 1465 3674 11,
1499 3607 1551 3675 7)
1586 3601 1694 3658 wie
1734 3611 1782 3673 1,
1812 3610 1906 3673 213
1946 3610 1997 3673 2,
2026 3611 2120 3672 82;
2160 3610 2244 3672 14,
2274 3611 2359 3659 53.
2418 3605 2587 3660 Sonst
2624 3609 2755 3677 sagt

398 3672 528 3727 Tac.
567 3673 882 3742 regelrecht
935 3676 1214 3730 cumulare
1278 3677 1514 3745 aliquem
1569 3676 1763 3745 aliqua
1815 3693 1888 3731 re.
1963 3674 2070 3729 Mit
2104 3675 2346 3730 blossem
2381 3676 2581 3731 Accus.
2619 3676 2750 3732 hist.

398 3750 450 3812 2,
479 3749 549 3798 80
584 3746 864 3799 vocabula.
899 3747 907 3815 Ι
938 3747 1158 3816 siqnum
1191 3746 1271 3799 ist
1308 3746 1402 3800 die
1437 3745 1688 3816 tagliche
1724 3746 1942 3814 Parole,
1981 3746 2074 3800 die
2112 3746 2211 3800 der
2239 3746 2455 3801 Tribun
2493 3748 2593 3802 der
2619 3748 2751 3803 Pra-

397 3813 839 3870 torianerwache
877 3833 1005 3870 vom
1040 3815 1243 3871 Kaiser
1279 3817 1480 3872 erh'alt.
1557 3817 1768 3871 Sueton
1805 3817 2038 3886 erzahlt,
2076 3817 2177 3872 das
2215 3818 2501 3886 Folgende
2540 3818 2621 3873 sei
2659 3835 2751 3872 am

398 3888 586 3940 ersten
622 3885 776 3955 Tage
815 3886 916 3940 der
949 3887 1281 3943 Herrschaft
1313 3888 1492 3943 Neros
1545 3888 1877 3957 geschehen.
1947 3889 1955 3957 Ι
2025 3895 2108 3943 15.
2147 3889 2346 3945 decreti
2390 3889 2508 3943 scil.
2545 3887 2750 3958 Agrip-

396 3956 582 4025 pinae.
651 3959 659 4028 Ι
724 3959 1062 4026 flamonium.
1137 3959 1299 4013 Auch
1345 3958 1503 4012 Livia
1557 3974 1675 4012 war
1720 3977 1818 4012 zur
1860 3958 2168 4021 Priesterin
2213 3960 2312 4014 des
2364 3961 2748 4039 vergotterten

396 4026 684 4096 Augustus
739 4031 979 4082 ernannt
1031 4030 1274 4085 worden.
1346 4032 1353 4100 Ι
1420 4030 1530 4083 Mit
1588 4031 1755 4084 simul
1806 4028 1926 4082 will
1981 4029 2211 4084 Tacitus
2273 4048 2381 4083 11111·
2434 4030 2527 4084 dle
2583 4028 2749 4084 Satze

395 4097 702 4152 verbinden
755 4099 873 4153 und
929 4099 1186 4169 zugleich
1242 4101 1344 4154 das
1398 4100 1460 4153 in
1504 4100 1611 4170 Kp.
1642 4106 1674 4154 3
1720 4099 2006 4169 Folgende
2052 4100 2431 4169 vorbereiten,
2486 4099 2749 4170 obgleich

397 4183 456 4221 er
511 4168 622 4292 11ζὲ
668 4169 980 4293 113103111ὓηί13
1036 4171 1153 4224 und
1208 4172 1302 4226 die
1356 4170 1772 4225 Konsekration
1838 4171 1936 4225 des
1994 4171 2259 4226 Claudius
2324 4172 2498 4226 sehon
2554 4178 2640 4240 12,
2679 4178 2748 4227 69

395 4243 545 4292 erwa
622 4242 649 4293 t
726 4242 800 4295 at.

573 4310 631 4367 3.
672 4317 719 4366 2.
759 4313 1156 4382 antiquitatem.
1233 4311 1325 4366 Sie
1361 4312 1598 4367 leiteten
1635 4311 1756 4366 sich
1792 4329 1904 4367 von
1943 4314 2072 4367 dem
2109 4312 2347 4368 Sabiner
2382 4313 2617 4368 Clausus
2656 4314 2749 4383 ab,

396 4379 497 4434 der
532 4387 635 4436 503
673 4400 721 4436 v.
753 4381 876 4437 Chr.
917 4382 1339 4451 eingewandert
1374 4383 1495 4437 sein
1533 4382 1718 4438 sollte.
1760 4385 1769 4454 Ι
1811 4386 2129 4440 consulatus
2165 4387 2263 4440 ctt.
2336 4385 2500 4440 Nach
2537 4385 2750 4439 Sueton
