3075 4800
425 247 512 313 48
776 245 1118 303 CORNELII
1153 246 1397 303 TACITI
1430 246 1527 299 AB
1564 243 1887 302 EXCESSU
1923 245 2077 301 DIVI
2113 245 2432 301 AUGUSTI

427 411 623 475 etiam
696 410 766 474 in
826 410 1139 495 principis
1203 408 1423 473 laudes
1497 408 1775 491 strepitu
1845 408 2307 472 venerantium.
2396 408 2655 493 iamque
2722 412 2788 472 et

372 525 398 566 5
424 498 750 563 Palatium
805 497 1247 566 multitudine,
1284 501 1350 561 et
1404 495 1793 560 clamoribus
1853 494 2289 580 complebant,
2354 517 2502 561 cum
2566 497 2786 561 emissi

424 587 708 652 militum
760 587 952 672 'globi
1005 585 1378 650 verberibus
1442 588 1508 648 et
1562 584 1813 649 intento
1877 584 2050 650 ferro
2110 583 2408 648 turbatos
2464 585 2785 650 disiecere.

424 679 826 760 mutataque,
886 696 1048 759 quae
1093 696 1210 757 per
1255 672 1637 738 seditionem
1683 675 2035 757 verterant,
2083 675 2148 736 et
2191 672 2529 757 Poppaeae
2575 673 2785 738 honos

425 765 908 917 ffistssssrssssss·
925 762 2788 936 ..3u1202553355r.3313†.‡3”3.0ffiffistangat?

347 968 400 1008 ιο
425 876 628 1025 retg,
674 940 1018 1023 provoluta
1063 939 1337 1026 genibus
1383 940 1547 1025 eius,
1602 960 1736 1003 non
1781 959 1856 1002 eo
1902 938 2032 1003 loci
2076 959 2179 1003 res
2226 873 2375 1003 suga
2396 874 2540 1024 Iait,
2584 943 2658 1004 ut
2708 940 2786 1004 de

425 1028 840 1093 matrimonio
895 1031 1123 1113 certet,
1181 1050 1572 1112 quamquam
1625 1028 1693 1091 id
1748 1026 1874 1091 sibi
1927 1028 2064 1092 vita
2116 1028 2362 1111 potius,
2419 1028 2532 1092 sed
2583 1027 2785 1093 vitam

426 1117 635 1202 ipsam
680 1117 750 1181 in
797 1122 1154 1182 extremum
1201 1117 1543 1184 adductam
1589 1138 1628 1180 a
1672 1114 1989 1181 clientelis
2034 1119 2100 1180 et
2145 1116 2427 1181 servitiis
2467 1115 2785 1201 Octaviae,

430 1228 592 1290 quae
638 1206 847 1290 plebis
895 1206 1021 1271 sibi
1067 1227 1304 1270 nomen
1349 1205 1724 1289 indiderint,
1781 1227 1855 1269 ea
1908 1204 1979 1268 in
2031 1226 2189 1288 pace
2243 1205 2412 1289 ausi,
2469 1227 2633 1289 quae
2676 1207 2786 1270 vix

428 1294 601 1359 bello
651 1295 995 1359 evenirent.
1087 1316 1265 1359 arma
1310 1294 1424 1358 illa
1469 1294 1773 1358 adversus
1818 1293 2177 1377 principem
2225 1298 2509 1380 sumpta3
2561 1295 2787 1359 ducem

351 1410 402 1451 15
429 1386 685 1448 tantum
733 1384 1039 1468 defuisse,
1097 1384 1210 1466 qui
1259 1383 1456 1447 motis
1501 1384 1694 1448 rebus
1747 1382 1938 1447 facile
1991 1382 2405 1466 reperiretur:
2459 1382 2789 1447 omitteret

432 1472 623 1537 modo
674 1470 1091 1556 Campaniam
1138 1476 1202 1536 et
1248 1472 1318 1535 in
1362 1471 1589 1536 urbem
1635 1472 1777 1556 ipsa
1818 1475 2144 1557 pergeret,
2198 1471 2282 1536 ad
2328 1470 2510 1550 cuius
2555 1475 2787 1536 nutum

430 1561 717 1626 absentis
781 1561 1100 1625 tumultus
1166 1560 1500 1626 cierentur.
1595 1561 1769 1644 quod
1832 1559 2122 1644 alioquin
2184 1581 2373 1624 suum
2437 1558 2789 1625 delictum?

432 1671 625 1733 quam
674 1651 1050 1734 cuiusquam
1098 1649 1565 1714 offensionem?
1655 1669 1761 1720 an,
1795 1648 1948 1733 quia
1997 1670 2215 1713 veram
2260 1649 2638 1733 progeniem
2682 1670 2790 1732 pe·

429 1739 691 1804 natibus
741 1737 1082 1803 Caesarum
1138 1738 1366 1802 datura
1421 1738 1551 1802 sit‘?
1615 1736 1808 1802 malle
1861 1737 2176 1822 populum
2221 1736 2583 1801 Romanum
2639 1737 2790 1801 tibi·

355 1854 408 1893 20
436 1828 596 1892 cinis
632 1824 943 1912 Aegyptii
981 1826 1273 1891 subolem
1310 1827 1726 1911 imperatorio
1762 1826 2028 1912 fastigio
2066 1825 2329 1891 induci?
2391 1826 2684 1911 denique,
2731 1825 2790 1890 si

435 1915 505 1979 id
547 1916 740 1980 rebus
787 1915 1127 1999 conducat,
1182 1915 1391 1980 libens
1448 1936 1643 1998 quam
1687 1919 1947 1979 coactus
1994 1915 2229 1979 acciret
2279 1914 2631 1999 dominam,
2685 1914 2791 1978 vel

435 2004 797 2069 consuleret
842 2003 1187 2069 securitati.
1270 2004 1443 2069 iusta
1486 2003 1734 2068 ultione
1780 2008 1846 2068 et
1889 2002 2162 2067 modicis
2198 2002 2497 2067 remediis
2541 2002 2790 2086 primos

432 2096 650 2158 motus
706 2093 1100 2157 consedisse:
1160 2095 1228 2157 at
1282 2092 1338 2156 si
1384 2092 1725 2176 desperent
1767 2114 2035 2157 uxorem
2080 2090 2361 2157 Neronis
2414 2092 2556 2156 fore
2603 2089 2789 2155 Octa-

333 2270 420 2343 62
433 2180 1122 2335 nam'Vbliliulsnaddrhmnd
1169 2182 1666 2334 {ttzrdosmetum
1721 2274 1915 2354 atque
1961 2269 2124 2333 iram
2170 2268 2623 2334 accomodatus
2669 2271 2790 2332 ter-

438 2358 571 2424 ruit
618 2358 812 2428 simul
857 2358 1220 2424 audientem
1273 2364 1337 2425 et
1381 2358 1688 2425 accendit.
1776 2358 1888 2423 sed
1931 2379 2160 2442 parum
2205 2357 2463 2423 valebat
2510 2356 2788 2441 suspicio

433 2448 504 2512 in
548 2469 731 2512 servo
787 2453 850 2513 et
898 2448 1380 2532 quaestionibus
1436 2447 1815 2513 ancillarum
1873 2447 2052 2512 elusa
2095 2451 2249 2512 erat.
2342 2467 2497 2532 ergo
2545 2446 2788 2510 confes·-

435 2536 681 2600 sionem
729 2537 998 2601 alicuius
1046 2538 1265 2622 quaeri
1309 2537 1547 2622 placet,
1594 2537 1699 2602 cui
1743 2559 1959 2601 rerum
2007 2557 2263 2621 quoque
2307 2557 2622 2600 novarum
2670 2534 2790 2599 cri-

381 2653 407 2693 5
432 2646 585 2689 men
640 2626 1086 2710 adfingeretur.
1180 2630 1246 2690 et
1302 2625 1480 2690 visus
1538 2625 1809 2690 idoneus
1872 2627 2201 2689 maternae
2261 2625 2439 2689 necis
2502 2626 2792 2707 patrator

437 2711 775 2799 Anicetus,
832 2713 1020 2779 classi
1065 2715 1236 2797 apud
1279 2713 1627 2797 Misenum,
1681 2717 1756 2778 ut
1801 2713 2181 2797 memoravi,
2227 2712 2615 2797 praefectus,
2663 2711 2794 2776 levi

433 2805 585 2886 post
630 2802 979 2867 admissum
1027 2803 1235 2867 scelus
1282 2803 1507 2888 gratia,
1554 2802 1703 2867 dein
1739 2802 2033 2889 graviore
2072 2803 2239 2886 odio,
2287 2801 2439 2886 quia
2473 2800 2792 2864 malorum

434 2890 793 2955 facinorum
838 2892 1120 2956 ministri
1167 2892 1353 2975 quasi
1390 2891 1850 2975 exprobrantes
1888 2891 2307 2975 aspiciuntur.
2390 2890 2594 2976 igitur
2635 2890 2794 2954 acci-

577 3124 628 3173 4.
666 3119 897 3187 strepitu
930 3119 1306 3173 venerantium
1344 3117 1426 3172 ‘in
1471 3118 1791 3174 larmender
1824 3117 2180 3188 Huldigung'
2231 3117 2366 3172 oder
2413 3116 2583 3171 freier
2627 3116 2793 3171 fiber-

439 3191 607 3244 setzt:
659 3187 872 3243 ‘wobei
921 3187 1014 3242 die
1050 3187 1382 3258 Huldigung
1427 3189 1489 3243 in
1524 3190 1693 3243 Larm
1740 3190 2078 3244 ausartete’.
2152 3175 2307 3243 Uber
2343 3188 2452 3243 den
2472 3187 2609 3242 Gen.
2639 3186 2790 3241 Plur.

436 3259 587 3315 Part.
616 3260 802 3314 Praes.
833 3258 919 3312 als
946 3258 1331 3314 Ersatzmittel
1366 3260 1457 3313 fiir
1485 3260 1754 3315 deutsche
1789 3260 2084 3315 abstrakte
2112 3257 2481 3313 Substantiva
2518 3275 2560 3313 s.
2592 3264 2642 3325 2,
2678 3263 2726 3326 1,
2760 3263 2793 3311 6

438 3347 508 3383 zu
535 3337 734 3385 cwneta
758 3331 1136 3386 venerantium
1162 3332 1365 3398 officia.
1413 3332 1421 3401 Ι
1474 3337 1521 3386 7.
1560 3349 1699 3401 quae
1715 3363 1785 3373 —-
1804 3337 2091 3399 verterant,
2118 3329 2287 3385 freier
2312 3329 2619 3383 fibersetzt:
2655 3329 2795 3382 ‘was

439 3401 540 3455 der
565 3400 849 3455 Aufstand
885 3400 1306 3470 umgeworfen’.
1371 3401 1487 3455 Das
1517 3402 1756 3472 Subjekt
1783 3420 1851 3456 zu
1879 3408 2153 3458 verterant
2187 3401 2266 3455 ist
2293 3399 2554 3454 dasselbe
2591 3398 2699 3453 wie
2732 3398 2794 3452 in

432 3478 736 3540 proruunt,
780 3479 992 3543 gestant
1032 3515 1043 3526 .
1075 3515 1087 3527 .
1119 3515 1151 3540 .,
1187 3474 1538 3543 complebant.
1609 3476 1617 3544 Ι
1688 3479 1754 3527 10
1790 3475 2019 3545 qenibns
2063 3474 2205 3527 statt
2251 3473 2327 3526 ad
2360 3487 2557 3542 yenua.
2634 3469 2687 3524 S.
2727 3487 2796 3523 zu

441 3548 534 3611 11,
564 3547 647 3596 30.
709 3545 718 3614 Ι
761 3559 835 3603 ,eo
873 3543 979 3597 loci
1013 3542 1137 3597 hier
1172 3544 1289 3598 und
1328 3548 1413 3612 15,
1453 3549 1546 3612 74,
1585 3562 1629 3601 s.
1666 3550 1726 3614 4,
1768 3550 1828 3612 4,
1867 3551 1898 3599 5
1938 3563 2006 3598 zu
2043 3546 2223 3599 eodem
2260 3542 2379 3597 loci.
2450 3543 2458 3612 Ι
2529 3546 2613 3595 13.
2652 3542 2795 3608 ansi,

441 3613 544 3667 auf
725 3631 819 3681 vzu
854 3613 1140 3683 beziehen,
1180 3632 1222 3668 s.
1260 3614 1407 3670 Einl.
1436 3622 1467 3682 ξ
1499 3619 1582 3683 18,
1610 3615 1649 3669 b
1687 3615 1804 3668 und
1841 3621 1892 3683 2,
1923 3621 2008 3685 52,
2040 3621 2123 3670 14.
2184 3616 2193 3686 Ι
2254 3618 2338 3668 18.
2374 3629 2558 3668 veram
2598 3611 2791 3667 ‘echt'.

440 3683 551 3738 Cic.
576 3631 737 3738 &gron
767 3689 802 3736 4
830 3690 860 3749 ς
891 3689 993 3737 147
1031 3702 1217 3740 veram
1249 3693 1300 3741 et
1359 3703 1643 3740 ermanum
1671 3687 1970 3754 Metellum,
2010 3684 2173 3741 Ovid.
2202 3686 2333 3739 met.
2364 3690 2415 3752 2,
2445 3688 2515 3737 38
2543 3689 2644 3738 tna
2667 3699 2798 3738 vera

432 3771 699 3825 propaqo.
759 3756 768 3825 Ι
831 3761 912 3809 19.
951 3757 1113 3811 malle
1149 3756 1296 3811 ohne
1376 3755 1787 3825 ragepartikel‚
1825 3774 1866 3810 s.
1907 3763 1965 3825 2,
1999 3762 2094 3826 15,
2126 3761 2193 3809 10
2231 3772 2300 3809 zu
2336 3755 2497 3809 aliud
2531 3755 2639 3809 sibi
2671 3754 2795 3808 reli-

441 3843 607 3895 qwum
644 3843 806 3894 quam
841 3832 1018 3880 tenere
1056 3827 1355 3882 libertatem
1392 3833 1493 3882 aut
1526 3829 1668 3884 mori
1703 3834 1830 3883 ante
1856 3827 2175 3883 servitium?
2224 3829 2233 3897 Ι
2284 3830 2370 3880 20.
2408 3826 2665 3880 inducere
2691 3823 2798 3878 mit

441 3896 569 3949 dem
604 3894 775 3950 Dativ
822 3897 965 3950 sta'tt
1009 3899 1072 3950 in
1117 3896 1195 3950 ist
1240 3896 1610 3966 dichterisch,
1659 3917 1704 3952 z.
1734 3899 1796 3953 B.
1836 3897 2003 3968 Verg.
2041 3913 2179 3968 geor
2222 3940 2232 3951 .
2271 3897 2298 3951 Ι
2339 3900 2441 3950 316
2479 3912 2603 3951 cam
2637 3895 2798 3964 flavis

439 3982 719 4022 messorem
754 3968 1034 4022 induceret
1068 3970 1218 4023 arvis
1253 3970 1515 4039 ayricola.
1568 3971 1577 4039 Ι
1629 3975 1712 4023 21.
1751 3968 1868 4024 Vor
1894 3987 2060 4040 quam
2093 3969 2151 4023 fe
2213 3970 2241 4022 t
2267 3968 2475 4037 potine,
2511 3965 2617 4020 wie
2647 3970 2697 4034 3,
2730 3970 2796 4018 17

439 4037 715 4092 miseratio
752 4054 916 4107 quam
950 4039 1169 4093 invidia
1205 4040 1524 4110 auqebatur,
1563 4039 1746 4095 Germ.
1777 4046 1809 4093 6
1848 4041 2068 4096 consilii
2103 4057 2269 4110 quam
2292 4037 2612 4107 formidinis
2648 4036 2796 4092 arbi-

439 4115 677 4164 trantur.
739 4111 746 4177 Ι
805 4109 887 4163 vel
931 4108 1085 4163 steht
1128 4108 1220 4163 fiir
1255 4117 1379 4177 aut,
1423 4109 1530 4165 wie
1567 4110 1672 4180 Kp.
1710 4117 1805 4179 35,
1846 4117 1939 4180 13,
1975 4117 2043 4165 41
2083 4112 2168 4166 vel
2200 4111 2253 4166 si
2285 4109 2739 4178 relinquerentur.
2784 4105 2794 4178 1

441 4180 737 4246 dominam,
773 4178 881 4233 mit
914 4178 1221 4235 Bitterkeit
1256 4184 1473 4251 gesagt.

618 4265 718 4322 62.
775 4272 823 4320 1.
860 4266 1004 4323 iram
1041 4267 1158 4323 scil.
1196 4269 1561 4336 excitandam,
1598 4286 1641 4323 s.
1680 4285 1749 4321 zu
1788 4274 1872 4336 12,
1902 4273 1989 4338 56,
2021 4274 2068 4323 7.
2130 4271 2138 4337 Ι
2199 4274 2248 4322 2.
2288 4269 2352 4322 in
2386 4281 2539 4322 servo
2580 4264 2662 4319 ‘in
2696 4264 2796 4319 be-

441 4337 577 4392 treff
607 4337 704 4392 des
734 4340 937 4408 (gagen
965 4338 1096 4409 den)
1125 4338 1409 4408 Sklaven’,
1449 4357 1491 4394 s.
1530 4357 1601 4393 zu
1638 4345 1688 4408 2,
1721 4345 1808 4409 41,
1841 4344 1924 4394 13.
1959 4345 1968 4407 1
2000 4345 2050 4394 5.
2082 4344 2342 4409 patrator
2377 4355 2485 4391 nur
2519 4336 2644 4391 hier
2680 4335 2800 4389 und

441 4407 535 4462 bei
573 4407 859 4477 Spateren.
919 4412 929 4478 Ι
988 4415 1036 4463 6.
1075 4416 1140 4466 at
1173 4411 1482 4478 memoravi,
1515 4409 1768 4464 namlich
1801 4411 1906 4480 Kp.
1938 4416 1987 4466 3.
