3075 4800
427 248 509 313 ’18
782 248 1121 303 CORNELII
1157 248 1399 303 TACITI
1432 248 1530 301 AB
1566 246 1886 304 EXGESSU
1921 247 2076 302 DIVI
2111 247 2428 303 AUGUSTI

427 406 747 496 diderant,
792 410 864 476 in
909 410 1131 475 eodem
1177 432 1330 475 casu
1373 410 1795 493 reperiebant.
1884 414 2229 495 postremo,
2275 409 2433 493 quid
2476 410 2776 496 vitarent,

342 524 396 566 πο
425 501 580 584 quid
625 503 945 584 peterent,
1001 500 1315 584 ambigui,
1370 499 1690 582 complere
1743 499 1907 583 vias,
1962 500 2162 563 sterni
2207 520 2323 582 per
2367 519 2583 584 agros3
2638 500 2779 582 qui-

425 589 572 652 dam
618 589 871 652 amissis
919 587 1218 651 omnibus
1262 587 1571 671 fortunis,
1615 586 1830 651 diurni
1875 608 2133 670 quoque
2176 588 2413 670 victus,
2459 586 2572 650 alii
2599 584 2777 652 'cari-

422 681 555 742 tate
602 698 883 758 suorum,
928 696 1092 759 quos
1128 676 1373 759 eripere
1416 676 1857 759 nequiverant,
1903 675 2197 758 quamvis
2235 678 2497 759 patente
2535 675 2775 762 effugio

421 765 737 830 interiere.
826 784 947 828 nec
993 764 1333 847 quisquam
1381 764 1719 829 defendere
1770 762 2069 847 audebat,
2125 763 2365 828 crebris
2419 763 2775 828 multorum

421 854 614 916 minis
659 852 1056 938 restinguere
1101 852 1604 936 prohibentium,
1651 856 1716 916 et
1761 852 1915 934 quia
1957 852 2071 915 alii
2114 851 2328 935 palam
2374 852 2546 917 faces
2590 852 2776 918 iacie-

342 965 393 1007 85
420 941 580 1005 bant
633 945 826 1024 atque
881 961 1018 1004 esse
1075 941 1200 1004 sibi
1255 944 1583 1005 auctorem
1637 940 2180 1025 vociferabantur,
2235 942 2371 1005 sive
2424 945 2500 1005 ut
2550 946 2775 1024 raptus

421 1029 718 1094 licentius
764 1033 1132 1093 exercerent
1176 1049 1289 1093 seu
1335 1030 1531 1093 iussu.
2795 1036 2797 1038 ’

313 1117 399 1182 39
595 1116 696 1182 Eo
733 1118 804 1182 in
836 1121 1127 1201 tempore
1152 1115 1329 1182 Nero
1357 1115 1542 1182 Antii
1579 1132 1775 1204 agens
1810 1139 1944 1183 non
1979 1122 2129 1182 ante
2165 1118 2236 1181 in
2261 1118 2492 1181 urbem
2530 1139 2775 1204 regres-

420 1227 529 1270 sus
575 1209 673 1270 est
720 1227 913 1289 quam
959 1206 1182 1269 domui
1229 1207 1365 1270 eius
1375 1257 1392 1290 ,
1448 1227 1578 1289 qua
1620 1205 1943 1271 Palatium
1998 1210 2065 1270 et
2108 1205 2499 1270 Maecenatis
2545 1205 2774 1271 hortos

419 1295 929 1378 continuaverat,
993 1296 1164 1381 ignis
1218 1295 1697 1378 propinquaret.
1786 1315 1994 1378 neque
2057 1298 2276 1358 tamen
2339 1295 2482 1358 sisti
2540 1294 2774 1379 potuit,

355 1409 359 1413 ·
419 1384 579 1466 quin
624 1386 692 1447 et
734 1382 1059 1447 Palatium
1106 1386 1171 1447 et
1208 1383 1436 1448 domus
1482 1385 1550 1463 et
1585 1386 1817 1447 cuncta
1861 1384 2103 1458 circum
2149 1381 2578 1446 haurirentur.
2660 1383 2774 1447 sed

364 1498 388 1538 5
418 1472 727 1537 solacium
773 1470 1015 1556 populo
1062 1472 1402 1535 exturbato
1448 1492 1523 1535 ac
1568 1471 1845 1558 profugo
1892 1492 2191 1556 campum
2236 1471 2468 1534 Martis
2521 1491 2594 1535 ac
2639 1493 2773 1535 mo-

416 1563 726 1624 numenta
770 1557 1126 1646 Agrippae,
1179 1559 1404 1624 hortos
1459 1560 1620 1642 quin
1673 1561 1867 1624 etiam
1922 1580 2073 1624 suos
2126 1559 2433 1644 patefecit
2485 1562 2552 1624 et
2603 1560 2785 1624 subi-·

418 1649 582 1712 taria
636 1648 926 1713 aedificia
978 1649 1289 1733 extruxit,
1346 1670 1508 1732 quae
1552 1648 2035 1715 multitudinem
2080 1649 2338 1733 inopem
2387 1646 2772 1733 acciperent3

418 1737 848 1820 subvectaque
902 1737 1203 1801 utensilia
1257 1737 1339 1800 ab
1395 1735 1578 1801 Ostia
1632 1741 1698 1801 et
1749 1737 2130 1821 propinquis
2184 1734 2576 1822 municipiis,
2629 1758 2772 1820 pre-

417 1825 709 1909 tiumque
770 1825 1081 1889 frumenti
1138 1826 1460 1889 minutum
1523 1846 1729 1909 usque
1791 1824 1872 1889 ad
1925 1830 2144 1890 ternos
2196 1845 2511 1889 nummos.
2604 1844 2774 1908 quae

336 1939 389 1979 ιο
417 1933 808 1996 quamquam
879 1912 1217 1997 popularia
1287 1914 1356 1977 in
1427 1914 1696 1977 inritum
1769 1913 2111 1998 cadebant,
2184 1913 2337 1996 quia
2405 1916 2775 1997 pervaserat

415 2023 638 2065 rumor
695 2002 837 2084 ipso
892 2006 1184 2086 tempore
1245 2002 1582 2088 flagrantis
1643 2003 1824 2067 urbis
1885 2003 2082 2069 inisse
2145 2023 2291 2065 eum
2352 2001 2769 2065 domesticam

417 2110 709 2154 scaenam
766 2094 832 2153 et
886 2090 1190 2154 cecinisse
1236 2089 1587 2155 Troianum
1634 2091 1980 2176 excidium,
2034 2091 2397 2175 praesentia
2452 2089 2624 2155 mala
2666 2111 2770 2153 ve-

415 2180 609 2242 tustis
656 2178 945 2243 cladibus
990 2177 1501 2243 adsimulantem.

305 2265 396 2332 40
594 2264 792 2330 Sexto
829 2267 1086 2332 demum
1125 2267 1227 2331 die
1263 2267 1434 2351 apud
1468 2269 1633 2335 imas
1662 2267 1990 2351 Esquilias
2024 2268 2174 2330 finis
2212 2267 2507 2331 incendio
2542 2266 2771 2352 factus,

415 2355 699 2440 prorutis
749 2376 866 2439 per
909 2356 1271 2421 inmensum
1320 2354 1653 2442 aedificiis,
1706 2360 1782 2421 ut
1827 2356 2168 2421 continuae
2211 2356 2557 2421 violentiae
2602 2376 2767 2421 cam-

414 2465 537 2528 pus
572 2448 640 2508 et
675 2445 856 2509 velut
888 2466 1161 2509 vacuum
1200 2445 1446 2510 caelum
1482 2450 1858 2510 occurreret.
1930 2445 2202 2510 necdum
2231 2444 2531 2529 demptus
2559 2448 2769 2508 metus

596 2640 682 2689 21.
720 2637 937 2690 amissis
963 2665 1034 2677 -
1059 2638 1236 2692 victus
1275 2637 1576 2691 ‘nachdem
1612 2637 1693 2691 sie
1737 2637 1816 2691 all
1851 2636 1943 2690 ihr
1975 2637 2104 2690 Hab
2142 2637 2259 2690 und
2295 2635 2434 2703 Gut,
2475 2636 2542 2705 ja
2586 2635 2766 2690 selbst

417 2705 520 2759 das
558 2705 809 2776 tagliche
836 2707 972 2761 Brot
1008 2706 1300 2762 verloren’.
1367 2710 1564 2763 diurni
1589 2710 1763 2763 vic-bus
1788 2707 1868 2761 ist
1893 2707 2030 2763 Gen.
2060 2723 2288 2778 epexeg.
2323 2709 2387 2776 (s.
2417 2723 2486 2760 zu
2512 2712 2564 2775 4,
2597 2711 2644 2775 ’1,
2675 2708 2764 2776 10)

416 2776 710 2847 abhangig
743 2793 853 2832 von
890 2778 1018 2831 dem
1064 2794 1164 2831 aus
1201 2779 1420 2833 amissis
1453 2780 1696 2847 fortwnis
1740 2797 1809 2832 zu
1847 2778 2236 2849 erganzenden
2277 2780 2483 2833 amissa
2516 2778 2766 2845 fortuma,

412 2847 698 2902 wortlich:
741 2847 1039 2902 ‘nachdem
1078 2848 1158 2903 sie
1199 2893 1209 2904 .
1242 2893 1253 2904 .
1289 2894 1298 2905 .
1338 2850 1440 2903 das
1480 2849 1610 2919 Grut,
1649 2850 1751 2903 das
1788 2849 1849 2903 in
1886 2849 2015 2903 dem
2050 2848 2343 2919 taglichen
2367 2848 2506 2904 Brot
2538 2848 2766 2903 besteht

414 2917 539 2988 (das
575 2920 637 2971 ta
676 2917 825 2972 liche
848 2919 1000 2972 'Brot
1035 2919 1118 2973 als
1156 2918 1308 2991 Gula),
1344 2920 1639 2976 verloren’.
1701 2923 1711 2992 Ι
1770 2926 1854 2975 23.
1892 2921 2177 2988 defendere
2214 2919 2330 2974 scil.
2368 2920 2563 2990 iynem.

592 2988 630 3043 8
675 3024 692 3043 .
749 2995 798 3043 2.
847 2989 1048 3044 domui.
1113 2989 1227 3044 Der
1269 2990 1464 3045 Palast
1508 2990 1817 3045 erstreckte
1863 2991 1984 3044 sich
2033 3007 2162 3045 vom
2204 2989 2621 3060 palatinischen
2678 2988 2764 3044 bis

414 3077 541 3112 zum
577 3057 1014 3127 esquilim‘schen
1047 3060 1259 3130 Hfigel,
1308 3061 1412 3115 auf
1449 3061 1721 3116 welchem
1767 3061 1860 3115 die
1895 3078 2007 3116 von
2040 3061 2339 3116 Maecenas
2387 3061 2515 3115 dem
2551 3059 2764 3114 kaiser·

412 3129 601 3183 lichen
644 3129 837 3184 Hause
889 3131 1248 3185 vermachten
1293 3131 1507 3186 Garten
1556 3132 1740 3203 lagen.
1810 3134 1818 3203 1
1883 3139 1936 3194 3.
1992 3134 2316 3188 continuare
2364 3132 2381 3158 ‘
2398 3130 2767 3186 aneinander-

412 3199 628 3254 reihen’
669 3199 776 3254 wie
812 3200 944 3256 Sall.
985 3200 1103 3255 Cat.
1145 3207 1238 3271 20,
1282 3208 1345 3256 11
1386 3205 1548 3258 binas
1592 3208 1693 3258 aut
1737 3204 1976 3272 amplius
2021 3206 2206 3259 domos
2248 3204 2598 3269 continuare,
2642 3201 2763 3256 Liv.

416 3276 500 3339 34,
530 3276 590 3338 4,
621 3275 652 3323 9
693 3273 716 3324 i
791 3288 886 3326 ens
921 3274 1121 3341 cupido
1157 3290 1319 3343 aqros
1354 3275 1724 3329 continuandi
1756 3291 1811 3328 u.
1842 3291 1891 3328 a.
1952 3275 1961 3346 Ι
2022 3274 2101 3327 Zu
2137 3275 2260 3329 sisti
2286 3274 2474 3343 potuit
2506 3272 2585 3326 ist
2619 3273 2769 3343 iynis

415 3339 670 3409 Subjekt.
802 3357 945 3411 egen
972 3345 1109 3412 quin
1135 3344 1243 3413 vgl.
1273 3343 1388 3399 Liv.
1423 3350 1475 3413 4,
1505 3350 1591 3413 43,
1624 3351 1688 3399 11
1717 3346 1816 3400 vix
1842 3345 2066 3399 deorum
2089 3345 2303 3414 opibus,
2339 3345 2477 3413 φάη
2502 3345 2768 3399 obmatwr

413 3412 672 3466 Romana
705 3429 807 3480 rea,
845 3414 1025 3468 resisti
1052 3430 1224 3483 posse.
1285 3416 1293 3486 Ι
1353 3420 1401 3469 4.
1439 3417 1681 3482 haurire,
1719 3432 1848 3469 vom
1884 3416 2080 3485 Fener,
2118 3433 2159 3470 s,
2198 3422 2248 3485 3,
2280 3419 2364 3481 ’12,
2396 3420 2443 3469 7.
2502 3417 2511 3483 1
2572 3419 2620 3468 5.
2658 3413 2768 3467 Die

411 3489 759 3538 monumenta
803 3485 1118 3554 Ayrippae,
1174 3485 1284 3538 alle
1336 3485 1441 3539 auf
1482 3486 1611 3540 dem
1655 3485 1960 3541 Marsfelde
2010 3486 2274 3556 gelegen,
2333 3484 2483 3539 sind:
2539 3501 2766 3553 campus

411 3553 697 3624 Ayrippae
730 3554 849 3608 und
885 3554 1106 3609 sfidlich
1144 3556 1327 3610 davon
1363 3556 1641 3611 zwischen
1679 3558 1778 3611 der
1803 3557 1915 3612 Via
1941 3558 2087 3611 Lata
2119 3556 2237 3610 und
2263 3554 2570 3611 Flaminia:
2610 3557 2763 3609 Pan·

410 3624 594 3691 theon,
648 3626 884 3680 thermae
928 3626 1238 3696 Ayrippae,
1294 3629 1526 3682 basilica
1571 3629 1849 3697 Neptwm',
1904 3628 2302 3695 dim‘bitorimn,
2356 3633 2547 3695 saepta
2588 3627 2763 3680 Iulia.

409 3681 564 3748 Uber
600 3694 692 3748 die
731 3694 942 3749 Garten
980 3696 1077 3750 des
1114 3696 1266 3751 Nero
1312 3715 1352 3752 s.
1395 3716 1463 3751 zu
1502 3704 1594 3766 14,
1636 3704 1719 3753 14.
1781 3701 1789 3767 Ι
1848 3705 1897 3753 6.
2010 3700 2075 3752 in
2109 3699 2273 3753 etiam
2306 3696 2367 3750 in
2404 3696 2764 3765 Anastrophe

414 3764 557 3818 auch
595 3765 727 3835 Agr.
776 3772 870 3835 26,
919 3766 1100 3821 Germ.
1149 3773 1180 3821 3
1227 3786 1280 3822 u.
1319 3767 1468 3823 efter
1510 3771 1657 3824 nach
1693 3768 1918 3839 Vergils
1936 3715 2224 3839 &organg
2269 3767 2426 3837 (Aen.
2466 3773 2526 3836 8,
2563 3770 2707 3837 485).
2750 3767 2759 3839 Ι

414 3842 462 3889 9.
492 3838 758 3903 frumenti
785 3837 902 3891 scil.
925 3838 1113 3906 plebis.
1171 3837 1225 3894 S.
1257 3856 1326 3891 zu
1353 3839 1457 3908 Kp.
1491 3845 1574 3894 18.
1627 3842 1635 3911 Ι
1688 3845 1770 3894 10.
1801 3842 1866 3893 in
1891 3841 2124 3894 inritum
2152 3840 2342 3895 cadere
2370 3838 2515 3892 auch
2543 3838 2647 3908 ΚΡ.
2676 3843 2762 3904 51,

411 3905 542 3961 hist.
583 3911 641 3976 3,
671 3912 764 3976 53,
802 3908 947 3961 nach
987 3907 1101 3962 Liv.
1143 3914 1201 3977 2,
1231 3916 1263 3962 6
1327 3915 1354 3962 1
1395 3917 1584 3965 tantae
1619 3912 1694 3963 ad
1729 3912 1965 3965 inritum
2000 3911 2244 3966 cadentis
2371 3910 2410 3963 i.
2470 3911 2478 3980 Ι
2540 3914 2622 3963 13.
2662 3908 2763 3963 ad-

410 3978 757 4032 simulantem
791 3978 969 4047 (nicht
1008 3953 1463 4049 ‘vergleicliend’,
1501 3981 1763 4051 sondem)
1801 3981 2216 4052 ‘angleichend,
2253 3926 2762 4051 g'lssichmachend',

410 4047 523 4116 vgl.
554 4047 720 4119 Verg.
751 4048 887 4103 Aen.
931 4055 1023 4118 12,
1057 4055 1162 4102 224
1198 4050 1434 4117 formam
1469 4053 1807 4106 adsimulata
1846 4052 2095 4108 Gammi.
2171 4050 2277 4105 Die
2312 4058 2549 4106 vetustae
2583 4052 2765 4106 clades

409 4118 542 4242 {den
569 4119 762 4243 {rand
786 4137 895 4174 von
922 4120 1113 4191 Troja)
1139 4121 1356 4191 besang
1384 4137 1460 4191 er,
1495 4122 1587 4176 die
1607 4124 1922 4192 praesentia
1948 4124 2099 4177 mala
2129 4122 2267 4192 (‘die
2288 4121 2504 4191 J'etzige
2528 4121 2766 4175 Feuers-

449 4205 584 4242 runs
615 4191 631 4216 '
692 4189 903 4244 meinte
940 4208 1012 4244 er.

589 4193 688 4316 43).
737 4267 785 4316 1.
823 4264 981 4329 imas,
1016 4261 1163 4315 nach
1192 4261 1364 4316 Osten
1393 4279 1485 4316 am
1510 4262 1753 4345 Campus
1779 4263 2123 4333 Esquilinus.
2175 4267 2183 4330 1
2236 4268 2283 4316 2.
2316 4278 2420 4330 per
2453 4264 2763 4317 inmanem

410 4329 517 4383 wie
554 4329 685 4399 Agr.
725 4336 811 4398 23,
849 4330 957 4402 vgl.
996 4334 1061 4386 in
1095 4334 1400 4387 inmensum
1436 4331 1499 4388 G.
1532 4339 1583 4402 6,
1618 4335 1750 4388 hist.
1790 4340 1840 4403 5,
1871 4341 1935 4388 11
1975 4334 2145 4404 (nach
2180 4333 2310 4387 dem
2345 4332 2617 4403 Vol-gang
2650 4348 2763 4387 von

413 4399 547 4453 Sall.
585 4400 711 4470 Jug.
749 4408 846 4470 48,
887 4408 944 4470 33
983 4409 1076 4471 92,
1117 4406 1184 4473 5).
1245 4406 1255 4472 Ι
1314 4409 1362 4457 3.
1399 4420 1635 4460 vacwwm
1671 4407 1880 4460 caelum
1913 4405 1993 4459 ist
2028 4404 2154 4459 eine
2189 4402 2492 4473 Hyperbel,
2532 4402 2624 4456 die
2660 4403 2764 4457 be-
