3075 4800
385 242 477 306 44
738 239 1081 296 CORNELII
1117 241 1359 297 TACITI
1394 240 1491 295 AB
1526 239 1848 296 EXCESSU
1883 240 2040 295 DIVI
2075 238 2395 334 AUGUSTI

385 405 730 470 lescentiae
774 409 1033 469 nostrae
1080 404 1375 488 declinat,
1424 425 1688 469 revocas
1734 408 2162 487 ornatumque
2206 404 2406 468 robur
2452 405 2745 470 subsidio

387 493 721 579 inpensius
770 494 986 579 regis?
1075 514 1209 557 non
1261 496 1376 556 tua
1428 493 1813 576 moderatio,
1868 493 1925 557 si
1978 492 2331 557 reddideris
2384 495 2743 581 pecuniam,

386 605 504 648 nec
551 582 750 667 quies,
798 584 854 647 si
899 581 1237 664 reliqueris
1282 580 1659 666 principem,
1707 544 1817 646 sed
1860 603 2005 645 mea
2045 581 2332 665 avaritia,
2377 604 2557 646 meae
2605 605 2745 648 cru-

388 672 673 737 delitatis
735 672 948 735 metris
1012 670 1082 733 in
1136 691 1246 734 ore
1303 669 1593 734 omnium
1655 670 2029 734 versabitur.
2121 670 2295 755 quod
2351 672 2407 734 si
2461 672 2743 737 maxime

308 785 361 825 10
389 760 786 825 continentia
848 762 962 823 tua
1023 758 1351 844 laudetur,
1416 779 1551 823 non
1613 762 1830 823 tamen
1893 758 2170 843 sapienti
2232 759 2373 823 viro
2439 760 2748 825 decorum

386 850 602 932 fuerit,
646 848 815 912 unde
861 846 1067 912 amico
1114 847 1449 912 infamiam
1492 851 1696 931 paret,
1741 846 1889 910 inde
1934 847 2210 932 gloriam
2256 847 2382 912 sibi
2417 849 2743 933 recipere?

385 937 489 1002 his
536 936 733 1002 adicit
778 935 1186 1019 complexum
1233 940 1299 1001 et
1345 936 1590 1021 oscula,
1639 936 1849 1000 factus
1895 939 2127 1000 natura
2172 940 2236 1001 et
2280 938 2746 1002 consuetudine

387 1026 706 1091 exercitus
762 1025 972 1088 velare
1021 1025 1241 1089 odium
1285 1024 1627 1089 fallacibus
1671 1024 2021 1088 blanditiis.
2114 1023 2382 1109 Seneca,
2437 1027 2549 1111 qui
2592 1026 2746 1090 finis

388 1114 677 1178 omnium
724 1136 871 1178 cum
917 1113 1288 1178 dominante
1339 1134 1705 1179 sermonum
1716 1163 1734 1197 ,
1789 1116 2003 1198 grates
2059 1115 2222 1199 agit3
2278 1114 2389 1178 sed
2444 1115 2780 1179 instituta-

307 1226 358 1269 15
384 1202 623 1305 prioris
667 1202 996 1305 potentiae
1042 1206 1424 1286 commutat,
1468 1201 1775 1303 prohibet
1819 1205 2054 1304 coetus·
2086 1202 2533 1305 salutantium,
2578 1203 2749 1267 vitat

386 1295 1182 1465 {issiiffihiaffiuioffii
1216 1290 1627 1444 111ἑέ1131·
1625 1312 1722 1454 ῗ··
1774 1290 2142 1356 'mmm
2186 1292 2438 1356 ΜΝ
2492 1296 2603 1356 ω·
2648 1313 2745 1356 Β·

281 1469 365 1533 57
564 1468 867 1534 Perculso
907 1467 1148 1533 Seneca
1181 1472 1557 1553 promptum
1593 1468 1721 1533 fuit
1755 1467 2002 1532 Rufum
2038 1467 2404 1532 Faenium
2385 1468 2742 1532 inminuere

387 1557 788 1644 Agrippinae
834 1557 1186 1622 amicitiam
1231 1558 1301 1621 in
1346 1578 1422 1621 eo
1468 1557 1977 1621 criminantibus,
2059 1556 2458 1640 validiorque
2500 1557 2571 1621 in
2609 1556 2743 1621 dies

390 1646 750 1750 Tigellinus
797 1649 864 1711 et
898 1646 1102 1710 malas
1139 1650 1326 1731 arteS,
1374 1646 1608 1730 quibus
1646 1645 1801 1710 solis
1836 1645 2140 1730 pollebat,
2185 1646 2504 1734 gratiore9
2544 1648 2746 1729 ratus,

391 1738 447 1801 si
491 1736 849 1821 principem
896 1736 1199 1800 societate
1246 1735 1559 1800 scelerum
1606 1734 2064 1836 obstringeret,
2112 1738 2323 1798 metus
2370 1735 2506 1799 eius
2551 1734 2741 1798 rima-

335 1850 361 1891 5
391 1829 527 1910 tur3
582 1828 1016 1908 conpertoque
1062 1823 1366 1888 Plautum
1413 1828 1479 1889 et
1526 1821 1773 1887 Sullam
1818 1824 2097 1887 maxime
2141 1824 2381 1908 timeri,
2435 1822 2744 1887 Plautum

388 1913 458 1977 in
512 1876 775 1998 Asiam,
851 1911 1096 1977 Sullam
1164 1913 1235 1976 in
1300 1911 1576 1978 Galliam
1637 1912 2125 1978 Narbonensem
2194 1933 2400 1996 nuper
2472 1914 2746 1994 amotos,

388 2001 796 2065 nobilitatem
841 2022 1065 2065 eorum
1112 2005 1178 2065 et
1220 2002 1621 2085 propinquos
1670 2000 1823 2065 huic
1870 2001 2162 2086 orientis,
2217 2000 2315 2064 illi
2364 1998 2745 2065 Germaniae

396 2090 714 2154 exercitus
761 2093 1237 2154 commemorat.
1318 2110 1450 2153 11011
1497 2112 1584 2175 66,
1629 2094 1704 2154 ut
1747 2090 2045 2174 Burrum,
2091 2089 2374 2153 diversas
2421 2109 2586 2196 spes,
2634 2087 2745 2151 sed

569 2288 618 2336 6.
656 2283 825 2337 robwr
861 2283 958 2335 ctt.
1015 2279 1120 2335 Die
1147 2280 1561 2336 Konstruktion
1587 2282 1689 2338 ist·
1725 2283 1894 2338 robwr
1928 2299 2103 2337 meum
2139 2280 2343 2351 (meine
2374 2278 2743 2358 jugendliche

389 2352 575 2423 Kraft)
621 2360 716 2409 tuo
761 2353 1005 2408 subsidio
1050 2359 1305 2408 ornatum
1351 2357 1515 2424 (ausg
1517 2355 1776 2422 estattet,
1823 2352 2128 2424 versehen).
2190 2353 2197 2425 Ι
2258 2358 2308 2407 8.
2356 2353 2534 2422 quies,
2585 2368 2627 2405 s.
2675 2367 2744 2404 zu

390 2426 494 2495 ΚΡ.
534 2430 620 2493 47,
651 2430 698 2480 7.
760 2427 769 2494 Ι
829 2429 878 2478 9.
926 2430 1097 2478 metas
1131 2424 1462 2479 bezeichnet
1476 2371 1667 2480 gnicht
1702 2425 1794 2479 die
1831 2425 2042 2479 Furcht
2078 2425 2177 2478 des
2214 2423 2452 2492 Volkes,
2502 2423 2744 2476 sondern

391 2496 484 2549 die
524 2496 621 2550 (166
659 2495 885 2549 Seneca.
945 2494 953 2566 Ι
1013 2497 1158 2565 qaod
1191 2497 1243 2550 si
1276 2497 1570 2552 maxime‘
1582 2513 1746 2551 wenn
1787 2496 1971 2551 also'
1947 2497 2063 2565 J'.a
2125 2498 2132 2567 Ι
2197 2466 2470 2549 12111161·
2511 2494 2622 2547 den
2655 2493 2745 2546 Ι11-

390 2565 572 2621 finitiv
607 2567 755 2620 nach
789 2567 970 2633 factus
1005 2566 1125 2619 und
1159 2569 1427 2623 exercitas
1461 2569 1625 2637 (statt
1660 2569 2002 2634 excercitatio-3,
2036 2566 2145 2621 wie
2171 2566 2277 2635 ΚΡ.
2309 2572 2367 2633 2·
2408 2570 2492 2634 15,
2520 2570 2590 2619 45
2627 2564 2745 2617 und

393 2637 559 2708 efter)
585 2637 696 2707 vgl
725 2636 871 2691 Einl.
901 2644 932 2703 ἓ
960 2641 1048 2707 82,
1074 2636 1130 2692 11.
1181 2639 1190 2710 Ι
1242 2645 1325 2693 16.
1365 2640 1675 2695 comitantis
1713 2638 1841 2692 ‘das
1871 2636 2256 2718 Ehrengeleit’
2298 2637 2397 2690 der
2429 2608 2746 2690 romischen

392 2707 644 2764 Grossen.
694 2710 703 2780 Ι
752 2710 1056 2777 sapientiae
1099 2710 1287 2764 studia
1332 2708 1462 2763 sind
1502 2709 1986 2779 ‘philosophische
2033 2707 2320 2777 Studien,
2378 2706 2486 2762 wie
2530 2707 2634 2776 ΚΡ.
2676 2710 2744 2759 16

390 2780 696 2849 sapientiae
732 2779 970 2834 doctores
1008 2778 1449 2861 ‘Philosophenfl

571 2838 971 2906 57.1.Uber
1005 2849 1247 2905 Faenius
1285 2850 1463 2904 Rufus
1503 2869 1545 2906 s.
1584 2851 1687 2921 ΚΡ.
1729 2856 1794 2905 51
1834 2851 1951 2905 und
1988 2869 2056 2904 zu
2097 2856 2188 2921 13,
2228 2857 2312 2906 22.
2373 2852 2383 2921 1
2440 2851 2751 2905 inminuere

396 2921 522 2975 ‘auf
563 2921 655 2976 die
702 2921 854 2977 Seite
898 2920 1186 2976 schieben’
1235 2921 1539 3004 (Georges).
1600 2925 1609 2991 Ι
1634 2870 1717 2977 p2.
1766 2923 2216 3004 criminantibaS,
2272 2920 2448 2976 absol.
2495 2919 2745 2990 Ablativ,

391 2991 552 3047 nicht
594 2992 780 3047 Dativ.
856 2992 1118 3047 Gemeint
1164 2991 1290 3046 sind
1341 2992 1435 3047 die
1478 2994 1768 3049 deteriores
1820 2993 1882 3047 in
1917 2994 2022 3063 Κ.
2053 2999 2137 3048 52.
2198 2964 2216 3063 f
2266 2995 2330 3047 in
2374 3009 2461 3060 eo,
2508 3010 2548 3046 s.
2588 3009 2658 3045 zu
2695 2997 2744 3060 2,

391 3069 613 3131 41,13.
674 3065 683 3135 Ι
744 3064 980 3118 validior
1028 3062 1524 3133 ‘einflussreicher,
1575 3012 2009 3134 11111011111861ΚΙ
2071 3069 2119 3119 5.
2171 3062 2465 3118 Rubellius
2511 3061 2745 3117 Plautus

395 3152 436 3188 6.
458 3152 527 3188 zu
548 3140 739 3202 13,19
796 3134 1038 3188 Faustus
1067 3134 1224 3189 Sulla
1250 3151 1368 3188 war
1387 3108 1848 3205 Schwiegersohn
1878 3136 1976 3189 des
2004 3134 2290 3190 Claudius.
2340 3134 2392 3189 S.
2415 3152 2484 3188 zu
2507 3140 2590 3201 12,
2613 3139 2696 3187 52.
2733 3134 2741 3206 Ι

395 3210 442 3258 6.
474 3212 679 3259 amotos
706 3207 849 3259 statt
875 3211 1128 3260 amotam.
1178 3205 1230 3260 S.
1251 3222 1320 3259 zu
1337 3205 1442 3276 ΚΡ.
1464 3211 1533 3260 53
1554 3214 1886 3275 acceperant.
1920 3209 1929 3277 Ι
1963 3213 2010 3260 7.
2040 3208 2250 3261 haie—
2266 3207 2369 3271 illi,
2393 3204 2484 3259 die
2503 3178 2745 3261 Re'ihen·

394 3274 548 3344 folge
586 3274 695 3330 wie
733 3274 843 3329 Cic.
882 3274 1032 3330 Lael.
1064 3281 1215 3342 2,10
1248 3293 1376 3331 eave
1415 3276 1615 3332 Catoni
1650 3286 1954 3346 anteponas
1989 3294 2057 3332 ne
2095 3279 2261 3332 istum
2297 3278 2513 3347 quidem
2547 3278 2747 3346 speum,

394 3363 549 3470 Ζᾳαὶἔῑη
576 3345 795 3471 Atpollod
820 3352 886 3470 tgt
899 3347 1013 3472 aig,
1040 3347 1501 3485 ῗρὲεπὲἰίπίὲηαπι
1527 3349 1826 3404 iudicavit:
1851 3349 2026 3474 'giuti
2044 3350 2189 3402 enim
2214 3350 2386 3416 facta,
2414 3348 2749 3474 illiaatdisctbc}

416 3433 718 3483 aanwr,
799 3433 894 3470 as
1421 3436 1759 3489 namneqae
1938 3435 2181 3474 nesus
2272 3436 2428 3474 ario

385 3503 594 3557 parum
633 3488 782 3542 credi
823 3505 994 3557 neque
1037 3488 1308 3557 improbos
1350 3490 1488 3544 scire
1531 3507 1640 3544 sese
1686 3436 1893 3557 timeprqi,
1939 3492 2084 3559 quod
2122 3420 2552 3544 infflicentliogzi
2585 3490 2751 3545 timo-r

393 3564 594 3629 augeat
627 3564 831 3627 noster,
877 3559 966 3613 his
1007 3559 1196 3613 stadia
1236 3558 1546 3628 deminuat,
1592 3560 1707 3615 Liv.
1748 3565 1843 3628 30,
1882 3566 1975 3629 30,
2018 3566 2084 3614 19
2129 3562 2320 3615 melior
2363 3562 2637 3629 tutiorque
2671 3566 2751 3614 est

392 3635 540 3684 certa
567 3646 690 3711 pax
725 3646 890 3698 quam
924 3636 1145 3698 sperata
1179 3630 1439 3685 victoria.-
1473 3633 1606 3686 haec
1639 3633 1704 3685 in
1738 3638 1856 3698 twa,
1891 3632 1994 3686 illa
2021 3632 2085 3685 in
2112 3632 2334 3686 deorum
2355 3637 2619 3700 potestate
2654 3637 2748 3697 est,

392 3699 602 3754 ebenso
629 3698 745 3754 Liv.
776 3704 863 3768 24,
892 3705 978 3768 29,
1009 3707 1060 3769 3,
1097 3700 1227 3755 Ηο1·.
1259 3703 1363 3755 sat.
1396 3706 1445 3770 2,
1476 3708 1528 3770 2,
1553 3708 1638 3756 33.
1704 3702 1833 3773 Vgl.
1862 3701 2011 3756 noch
2038 3701 2169 3756 Tac.
2195 3701 2330 3757 hist
2361 3708 2411 3769 2,
2444 3707 2507 3755 77
2541 3703 2750 3757 acriore

390 3772 550 3825 hodie
577 3771 876 3840 disciplina
901 3771 1033 3826 victi
1059 3789 1225 3841 quam
1249 3774 1474 3827 victores
1501 3779 1690 3843 aywnt.
1745 3774 1842 3828 hos
1868 3774 2000 3827 ira.
2059 3774 2179 3828 ,aa
2202 3774 2456 3828 virtutem
2483 3773 2749 3838 accendit,

392 3842 482 3895 illi
508 3857 612 3910 per
645 3841 937 3908 fastidiam
973 3849 1024 3896 et
1060 3844 1404 3898 contmnacia
1438 3844 1739 3911 hebescunt,
1775 3851 1831 3912 4,
1859 3850 1926 3898 27
1965 3845 2109 3900 redit
2143 3846 2207 3897 in
2242 3844 2626 3898 Hordeonium
2661 3843 2748 3896 in·—

391 3912 574 3967 vidia:
608 3913 769 3966 illam
806 3915 900 3982 (sc.
940 3913 1341 3980 Hordeonium,
1377 3914 1475 3984 qai
1501 3916 1702 3983 procul
1734 3921 1856 3971 erat
1890 3915 2176 3983 Novaesii)
2213 3921 2486 3970 auctorem
2520 3914 2752 3982 sceleri-3,

392 3984 538 4037 hunc
564 3984 661 4051 (sc.
689 3982 932 4050 Gallum,
962 3985 1059 4052 qui
1088 3983 1367 4039 Geldubae
1394 3985 1609 4065 aderat)
1636 3987 1949 4041 ministrum
1974 3992 2185 4040 vocant.
2232 3985 2349 4038 Das
2378 3985 2506 4038 dem
2523 3983 2754 4039 Redner

391 4052 570 4107 naher
596 4052 878 4107 Stehende
918 4085 983 4093 —
1023 4053 1096 4107 ob
1132 4053 1515 4109 thatsachlich
1554 4056 1690 4110 oder
1723 4074 1831 4110 nur
1866 4056 1927 4109 in
1965 4057 2065 4110 der
2092 4055 2460 4125 Vorstellung
2503 4088 2566 4096 —
2605 4055 2749 4110 wird

393 4124 570 4177 durch
604 4124 693 4178 hic
727 4122 1074 4193 bezeichnet,
1112 4142 1153 4178 s.
1175 4124 1442 4206 Draeger
1475 4125 1621 4181 Hist.
1661 4127 1698 4180 S
1698 4130 1816 4196 yn.t
1827 4127 1849 4158 ²
1882 4127 1983 4197 Ip
1986 4132 2119 4183 86.
2250 4131 2299 4181 8.
2339 4128 2587 4182 diversae
2626 4127 2748 4181 ‘be—

392 4145 1785 4266 601111616,6801611160116ζ6186111111011ε8611611111,
1828 4215 1937 4252 von
1944 4146 2113 4252 Pdem
2218 4198 2571 4267 auptzweck,
2619 4197 2750 4252 dem

394 4264 600 4319 Wohle
638 4238 739 4319 des
776 4264 1019 4320 Kaisers.
1086 4265 1280 4320 Damit
1317 4266 1514 4321 deutet
1551 4283 1610 4321 er
1645 4268 1855 4322 darauf
1884 4268 2001 4338 hin,
2041 4268 2166 4323 dass
2204 4269 2413 4323 Burrus
2451 4271 2582 4339 <von
2619 4269 2749 4322 dem

391 4351 451 4389 es
491 4341 585 4404 13,
624 4342 693 4390 20
728 4334 925 4391 heisst.
973 4343 1252 4406 tamquam
1288 4336 1434 4418 Aqri
1669 4342 1855 4409 qratia
1882 4347 2197 4421 provectwm
2232 4347 2282 4395 et
2317 4341 2486 4396 vicem
2518 4340 2747 4395 redden·

391 4406 515 4474 tem)
553 4405 707 4460 661116
742 4406 1047 4461 Bedenken
1082 4423 1266 4477 gegen
1303 4408 1395 4461 die
1480 4409 1786 4479 rmordung
1820 4411 1921 4465 der
1951 4410 2266 4480 Agrippina
2301 4409 2590 4481 geaussert
2626 4408 2747 4463 und
