3075 4800
1156 274 1373 328 LIBER
1408 275 1502 329 x1.
1577 275 1708 345 Cap.
1740 281 1897 329 3—6.
2655 279 2691 340 7

343 440 547 505 visam
610 442 801 522 atque
862 438 958 500 ita
1020 432 1513 520 interpretatum
1588 438 1933 521 tradidere,
2006 442 2308 523 vergente
2383 443 2692 504 autumno

340 532 614 592 mortem
660 526 971 609 principis
1020 525 1287 588 ostendi.
1379 526 1543 590 illud
1587 525 1760 590 haud
1807 527 2185 612 ambigitur,
2242 527 2693 612 qualicumque

341 616 660 681 insomnio
718 614 845 697 ipsi
899 614 1212 697 fratrique
1268 615 1618 697 perniciem
1678 614 1975 679 adlatam.
2086 617 2456 681 sestertium
2513 617 2693 701 quin-
2723 645 2776 683 10

340 705 591 769 deciens
648 706 713 765 et
766 703 1048 787 insignia
1107 706 1443 786 praeturae
1492 702 1789 787 Crispino
1852 704 2121 769 decreta.
2214 705 2447 770 adiecit
2491 705 2693 770 Vitel-

336 792 464 856 lius
512 792 881 856 sestertium
937 791 1189 855 deciens
1238 789 1522 875 Sosibi0,
1581 792 1753 875 quod
1806 791 2254 857 Britannicum
2314 795 2693 878 praeceptis,

336 879 679 944 Claudium
725 879 1013 944 consiliis
1050 880 1315 944 iuvaret.
1389 883 1658 965 rogatus
1706 882 2090 944 sententiam
2138 886 2202 945 et
2242 881 2477 967 Scipi0,
2524 884 2693 949 ‘cum

336 969 532 1032 idem'
578 969 792 1053 inquit
839 968 941 1033 ‘de
993 968 1289 1032 admissis
1334 968 1671 1052 Poppaeae
1718 971 2009 1052 sentiam,
2056 970 2230 1053 quod
2278 993 2526 1057 omnes,
2583 995 2695 1056 pu-

335 1061 471 1121 tate
516 1079 620 1120 me
657 1057 829 1120 idem
868 1057 1095 1143 dicere,
1133 1058 1305 1141 quod
1344 1058 1605 1142 omnes,'
1655 1057 1933 1143 eleganti
1979 1061 2486 1142 temperamento
2525 1061 2694 1124 inter
2724 1086 2773 1127 15

337 1145 743 1230 coniugalem
791 1167 1074 1210 amorem
1122 1150 1187 1210 et
1234 1147 1620 1211 senatoriam
1665 1148 2130 1210 necessitatem.
2497 1194 2504 1199 ,

519 1233 880 1299 Continuus
927 1235 1075 1298 inde
1151 1238 1180 1298 t
1217 1256 1443 1299 saevus
1482 1235 1855 1299 accusandis
1892 1235 2019 1299 reis
2059 1234 2328 1299 Suillius
2375 1235 2693 1319 multique
2712 1237 2753 1300 5

336 1324 639 1387 audaciae
700 1323 838 1386 eius
910 1257 1173 1408 aemuss
1253 1346 1403 1386 nam
1476 1327 1706 1388 cuncta
1776 1323 1994 1408 legum
2068 1327 2131 1386 et
2195 1325 2692 1409 magistratuum

339 1412 560 1474 munia
603 1412 674 1474 in
719 1433 788 1474 se
833 1410 1095 1475 trahens
1141 1412 1438 1495 princeps
1492 1412 1828 1475 materiam
1885 1411 2233 1494 praedandi
2288 1412 2691 1496 patefecerat.

334 1521 454 1563 nec
500 1500 845 1583 quicquam
892 1499 1187 1581 publicae
1242 1500 1472 1564 mercis
1528 1504 1664 1563 tam
1717 1499 1939 1564 venale
1994 1501 2121 1563 fuit
2177 1522 2366 1584 quam
2425 1500 2693 1566 advoca-

334 1591 551 1651 torum
588 1586 876 1670 perfidia,
914 1587 1071 1650 adeo
1109 1591 1183 1650 ut
1214 1589 1283 1651 T.
1318 1586 1589 1672 Samius,
1627 1588 1902 1673 insignis
1942 1609 2135 1672 eques
2163 1587 2512 1672 RomanuS,
2543 1612 2692 1673 qua·
2721 1619 2745 1658 5

335 1675 694 1759 dringentis
740 1696 1153 1740 nummorum
1199 1676 1463 1740 milibus
1512 1676 1743 1741 Suillio
1793 1676 1958 1741 datis
2006 1680 2071 1740 et
2126 1677 2388 1761 cognita
2432 1699 2691 1761 praeva-

335 1765 645 1829 ricatione
719 1763 891 1827 ferro
956 1765 1025 1827 in
1098 1764 1290 1828 domo
1365 1765 1502 1828 eius
1577 1765 1959 1829 incubuerit.
2079 1765 2281 1850 igitur
2344 1766 2692 1850 incipiente

337 1851 404 1916 C.
436 1851 596 1916 Silio
637 1851 899 1915 consule
938 1852 1291 1937 designatO,
1329 1853 1511 1916 cuius
1552 1853 1632 1957 dg
1656 1855 1949 1938 potentia
1975 1859 2033 1918 et
2059 1855 2257 1918 exitio
2296 1854 2364 1918 in
2402 1858 2693 1938 tempore

334 1940 723 2024 memorabo,
772 1944 1170 2026 consurgunt
1215 1944 1431 2024 patres
1479 1940 1815 2026 legemque
1855 1940 2142 2007 Cinciam
2188 1943 2520 2029 flagitant,
2567 1966 2694 2028 qua

333 2032 596 2093 cavetur
642 2029 1025 2114 antiquitus,
1081 2051 1161 2092 ne
1210 2030 1354 2113 quis
1402 2029 1484 2094 ob
1540 2052 1798 2094 causam
1846 2031 2151 2095 orandam
2199 2033 2536 2114 pecuniam
2584 2033 2692 2113 do:
2723 2064 2772 2101 10

333 2140 570 2182 numve
618 2119 905 2201 accipiat.
1822 2139 1830 2147 ·

513 2206 759 2270 Deinde
799 2206 1319 2289 obstrepentibus
1358 2206 1457 2291 iis,
1505 2207 1740 2290 quibus
1779 2230 1854 2271 ea
1890 2208 2281 2272 contumelia
2326 2209 2690 2293 parabatur,
2712 2216 2751 2278 6

333 2295 580 2359 discors
611 2293 842 2359 Suillio
874 2293 1072 2359 Silius
1110 2296 1343 2358 acriter
1371 2295 1682 2378 incubuit,
1721 2299 2009 2360 veterum
2040 2301 2367 2360 oratorum
2398 2297 2691 2381 exempla

333 2381 643 2468 referens,
710 2385 821 2467 qui
876 2384 1114 2448 famam
1170 2386 1234 2447 et
1288 2387 1585 2468 posteros
1639 2384 1924 2469 praemia
1985 2384 2386 2469 eloquentiae
2450 2387 2691 2471 cogita-

332 2522 908 2593 Verproviantierung
952 2524 1052 2577 der
1088 2522 1257 2577 Stadt
1301 2541 1371 2576 zu
1418 2540 1621 2593 sorgen
1670 2524 1847 2577 hatte.
1922 2523 2038 2577 Das
2073 2541 2193 2578 war
2230 2525 2331 2578 das
2367 2525 2690 2595 Majestats-

331 2593 685 2648 verbrechen.
740 2595 749 2664 Ι
800 2600 849 2647 8.
888 2611 1116 2663 veryere,
1152 2609 1263 2647 von
1299 2594 1398 2648 der
1433 2594 1576 2663 Zeit,
1614 2612 1655 2649 s.
1696 2612 1764 2647 zu
1803 2601 1853 2662 2,
1889 2600 1977 2663 43,
2016 2601 2063 2650 3.
2100 2597 2108 2663 Ι
2156 2602 2204 2650 9.
2244 2582 2397 2649 Uber
2433 2596 2534 2649 das
2572 2613 2690 2650 ver-

330 2664 523 2718 neinte
551 2666 822 2735 ambigere
847 2663 954 2718 mit
977 2664 1107 2718 Acc.
1138 2682 1183 2718 c.
1202 2663 1303 2718 inf.
1326 2682 1369 2720 s.
1401 2683 1469 2718 zu
1500 2671 1551 2733 6,
1572 2670 1656 2733 28,
1679 2670 1763 2720 24.
1796 2667 1807 2748 j
1843 2670 1925 2720 14.
1956 2667 2255 2721 admissum
2285 2666 2685 2721 ‘Verbrechen’

333 2735 463 2806 (vgl.
503 2735 638 2790 dial.
679 2740 745 2789 12
783 2736 924 2789 male
959 2736 1226 2802 admissa,
1262 2734 1394 2789 hist.
1425 2743 1475 2805 4,
1513 2743 1585 2790 44
1622 2743 1832 2791 ewnctrs
1867 2738 1967 2791 sub
2004 2738 2224 2791 Nerone
2260 2738 2531 2805 admissis,
2569 2738 2687 2792 Liv.

333 2812 419 2875 25,
458 2812 526 2859 23
563 2808 673 2861 tale
709 2807 1028 2875 admissum)
1071 2806 1199 2860 sehr
1236 2806 1415 2860 selten
1453 2807 1570 2860 und
1619 2806 2061 2860 nachklassisch.
2113 2810 2120 2876 Ι
2174 2813 2256 2860 15.
2294 2807 2529 2877 eleyanti
2563 2814 2689 2862 tem-

325 2884 643 2946 peramento
674 2875 879 2931 ‘wobei
906 2892 966 2929 er
992 2876 1157 2930 einen
1183 2876 1284 2929 klu
1327 2893 1398 2930 en
1422 2877 1668 2947 Ausweg
1695 2877 1878 2945 fand',
1920 2876 2047 2930 ‘mit
2083 2877 2488 2947 ausgesuchter
2514 2877 2689 2948 Klug-

331 2946 455 3001 heit
506 2946 793 3001 lavierend
845 2947 1206 3019 (zwischen)’.
1333 2964 1394 3001 as
1438 2947 1591 3001 feine
1636 2946 2139 3001 Auskunftsmittel
2176 2951 2265 3017 (zu
2309 2955 2691 3017 temperamen-

329 3025 449 3074 tum
483 3017 599 3101 Vgl.·
635 3017 753 3101 Cic..
784 3018 854 3072 de
889 3017 998 3088 leg.
1029 3024 1061 3071 3
1100 3024 1145 3084 ξ.
1177 3023 1247 3071 24
1283 3019 1566 3074 inventam
1610 3026 1688 3074 est
1731 3025 2232 3100 temperamentum,
2277 3035 2384 3088 quo
2419 3020 2691 3101 tenuiores

329 3089 2071 3240 {fflss'iffissssbssssdaffiassefffflssffl'ntssss'i'iffessss‘rissfi
2091 3089 2338 3214 3321&
2356 3092 2691 3231 ῗέξῖίέἓῗ

328 3230 422 3285 die
459 3230 856 3301 ebensowemg
889 3247 999 3284 von
1036 3231 1136 3285 der
1172 3231 1381 3285 Schuld
1417 3232 1518 3286 der
1555 3231 1928 3286 Gemordeten
1964 3231 2275 3301 fiberzeugt
2308 3247 2515 3286 waren.

507 3301 566 3355 5.
635 3307 684 3356 1.
723 3303 1017 3357 continwas
1063 3304 1159 3356 ctt.
1216 3320 1256 3357 s,
1296 3321 1365 3355 zu
1401 3309 1453 3371 4,
1492 3308 1578 3370 36,
1621 3309 1649 3355 1
1690 3302 2044 3371 postulamdis
2086 3303 2194 3357 reis
2238 3308 2353 3356 tam
2395 3303 2691 3358 continuas

327 3390 513 3427 armus
547 3373 675 3439 fait.
711 3375 719 3442 Ι
753 3379 801 3426 2.
841 3374 1016 3444 legum
1054 3404 1124 3413 —
1160 3375 1355 3427 mumia
1390 3375 1455 3426 in
1488 3391 1544 3428 se
1580 3375 1800 3429 trahens
1839 3372 1982 3426 ‘sich
2017 3372 2373 3441 zueignend’,
2419 3372 2528 3426 wie
2569 3378 2617 3440 1,
2656 3379 2689 3426 2

326 3444 657 3513 (Augustus)
699 3446 894 3498 munia
929 3450 1150 3499 senatus
1184 3446 1607 3514 mayismatwwm
1644 3446 1820 3515 leyum
1854 3445 1919 3497 in
1952 3461 2008 3497 se
2043 3445 2269 3498 trahere.
2378 3448 2430 3497 4.
2462 3445 2691 3512 publiea

327 3530 480 3568 mera:
509 3513 916 3582 ‘Staatsware’‚
954 3513 1048 3568 ein
1076 3515 1425 3583 SarkasmuS,
1464 3515 1564 3570 der
1592 3514 1685 3568 die
1714 3532 1748 3568 a
1833 3513 2048 3568 emeine
2076 3515 2277 3568 Bestec
2345 3513 2557 3568 'chkeit
2592 3514 2689 3568 be-

329 3583 600 3639 zeichnet.
636 3588 644 3654 Ι
676 3586 974 3640 advocatas
1008 3584 1086 3639 ist
1131 3588 1298 3639 unter
1344 3585 1453 3639 den
1488 3584 1729 3639 Kaisern
1774 3587 1794 3654 (
1836 3586 1973 3639 aher
2017 3584 2078 3639 in
2116 3585 2329 3639 diesem
2366 3583 2537 3638 Sinne
2575 3588 2692 3640 erst

330 3652 408 3706 im
446 3654 730 3709 silbernen
766 3655 987 3725 Latein)
1035 3656 1135 3709 der
1170 3656 1458 3725 Advokat,
1507 3656 1607 3709 der
1644 3654 1940 3710 Sachwalt.
2024 3655 2185 3710 Doch
2220 3672 2337 3710 war
2384 3654 2530 3709 auch
2568 3655 2689 3711 dies

329 3724 462 3777 kein
501 3725 798 3780 stehendes
837 3726 986 3780 Amt.
1021 3731 1029 3794 Ι
1062 3733 1110 3780 5.
1149 3728 1474 3798 insiynis=
1494 3728 1747 3794 illustris,
1773 3726 1916 3795 Kap.
1946 3732 1996 3795 4,
2026 3725 2137 3796 vgl.
2172 3732 2255 3794 16,
2286 3732 2367 3781 15.
2404 3727 2413 3796 Ι
2446 3733 2495 3780 6.
2525 3727 2690 3794 datis,

328 3813 425 3848 um
460 3796 709 3850 namlich
756 3796 849 3851 die
896 3797 1320 3867 angekfindigte
1355 3797 1616 3868 Anklage
1663 3813 1725 3851 so
1762 3796 1935 3851 milde
1971 3796 2355 3851 einzurichten
2375 3840 2389 3865 ,
2428 3797 2552 3851 dass
2591 3798 2691 3851 der

327 3865 639 3937 Verklagte
689 3866 1148 3937 freigesprochen
1196 3869 1403 3923 wfirde.
1491 3868 1602 3922 Ein
1655 3884 1716 3922 so
1761 3868 2133 3923 bestochener
2177 3868 2468 3938 Anklager
2515 3867 2690 3922 heisst

327 3937 502 3990 schon
538 3937 634 3992 bei
672 3938 864 3992 Cicero
893 3940 1310 4007 praevaricator
1341 3942 1349 4010 Ι
1382 3947 1432 3994 et
1476 3941 1695 4011 coyrtita
1731 3941 2226 4009 praevaricatione,
2270 3939 2412 3993 fiber
2452 3946 2503 3993 et
2539 3955 2580 3992 s.
2621 3957 2689 3991 zu

333 4012 381 4076 1,
419 4013 504 4062 55.
611 4014 658 4063 7.
698 4010 1024 4065 rneabuerit.
1098 3997 1252 4064 Uber
1287 4010 1388 4063 das
1426 4009 1668 4080 Tempus
1706 4028 1748 4066 s.
1787 4010 1933 4066 Einl.
1973 4017 2004 4077 ξ
2034 4015 2117 4064 98.
2170 4012 2179 4080 Ι
2230 4017 2278 4064 8.
2318 4010 2562 4064 consules
2598 4010 2685 4063 de-

328 4079 469 4148 siyn.
597 4079 673 4149 gl.
714 4098 783 4134 zu
820 4086 871 4149 3,
909 4087 994 4149 22,
1034 4085 1118 4135 15.
1194 4079 1365 4135 Silius
1410 4080 1554 4134 wird
1598 4080 1679 4134 im
1714 4081 1966 4136 Oktober
2012 4082 2110 4135 des
2146 4080 2452 4150 folgenden
2488 4080 2686 4133 Jahres

329 4151 441 4219 (48)
477 4165 678 4220 wegen
716 4150 898 4206 seines
932 4150 1261 4205 Ehebruchs
1299 4151 1404 4205 mit
1439 4151 1746 4206 Messalina
1780 4152 2176 4222 hingerichtet.
2206 4153 2219 4232 J
2267 4157 2314 4204 9.
2355 4152 2519 4221 leqem
2558 4150 2686 4230 Ogm-

329 4221 491 4286 ciam,
526 4220 778 4275 namlich
822 4222 888 4277 de
924 4223 1085 4276 donis
1129 4229 1179 4277 et
1222 4224 1562 4292 mumeribus,
1609 4222 1689 4275 im
1724 4221 1772 4276 J.
1813 4228 1917 4276 204
1961 4239 2089 4277 vom
2124 4222 2412 4276 Tnbunen
2447 4221 2521 4274 M.
2561 4218 2686 4273 Om-

332 4288 452 4342 cius
488 4290 808 4346 Alimentus
845 4293 1117 4363 gegeben.

512 4362 571 4417 6.
639 4368 688 4417 3.
725 4365 937 4431 famam
973 4370 1024 4419 et
1050 4370 1309 4432 posteros,
1346 4362 1455 4417 wie
1489 4363 1585 4417 bei
1614 4362 1724 4417 Cic.
1764 4364 1839 4416 ad
1875 4365 2187 4418 memoriam
2214 4362 2708 4431 posteritatemque

330 4456 403 4476 =
423 4432 500 4486 ad
520 4436 859 4502 posteritatis
895 4436 1221 4490 memoriam.
1278 4433 1407 4503 Vgl.
1431 4439 1514 4502 13,
1544 4440 1612 4487 42
1641 4439 1958 4488 testamenta
1993 4440 2043 4488 et
2078 4435 2233 4488 orbos
2251 4458 2318 4477 =
2340 4432 2591 4485 orborum
2611 4437 2647 4485 t.
2674 4428 2681 4499 Ι
