3075 4800
1063 260 1282 313 LIBER
1315 259 1431 313 XV.
1489 257 1641 312 CAP.
1684 264 1907 312 11—14.
2583 254 2664 318 61

319 423 737 506 accepissent!
829 421 931 486 his
987 425 1178 505 atque
1232 422 1471 486 talibus
1526 422 1597 485 in
1651 442 1987 486 commune
2043 420 2282 485 alacres
2340 415 2435 505 (et
2489 420 2670 520 erant

320 511 1129 687 gssffiesszssffussssniffiffl
1160 514 1297 662 di?
1315 507 2533 682 nssssifiss‘ssuit‘essmprssffissffinifmffl⁸
2578 528 2646 570 ¹¹²¹

497 688 723 772 quue
769 689 1079 753 intentius
1117 687 1472 773 Vologeses
1517 709 1806 771 premere
1844 687 2156 769 obsessos,
2200 686 2392 749 modo
2430 684 2671 749 vallum
2695 687 2777 751 13

319 775 668 862 legionum,
714 777 906 842 modo
954 777 1306 861 castellum,
1353 798 1480 861 quo
1527 776 1783 840 inbellis
1831 778 2002 839 aetas
2050 774 2524 858 defendebatur,
2570 773 2675 836 ad-

320 888 625 951 pugnare,
673 867 940 949 propius
987 865 1285 930 incedens
1333 887 1524 948 quam
1570 886 1710 929 mos
1756 863 2032 947 Parthis,
2088 863 2144 928 si
2194 885 2268 926 ea
2313 863 2672 927 temeritate

320 954 575 1019 hostem
621 956 690 1018 in
733 955 1052 1038 proelium
1101 955 1373 1018 eliceret.
1467 953 1689 1038 atilli
1742 953 1852 1016 vix
1899 952 2335 1017 contuberniis
2385 950 2675 1037 extracti,

319 1064 439 1107 nec
486 1043 659 1106 aliud
706 1061 899 1126 quam
945 1044 1346 1106 munimenta
1387 1042 1903 1128 propugnabant,
1947 1064 2096 1125 pars
2143 1041 2321 1105 iussu
2367 1040 2563 1123 ducis,
2609 1043 2674 1103 et
2728 1066 2754 1108 5

327 1132 439 1195 alii
483 1131 748 1215 propria
792 1131 1049 1216 ignavia
1095 1135 1205 1194 aut
1253 1130 1683 1206 Corbulonem
1731 1131 2161 1214 opperientes,
2217 1150 2290 1193 ac
2336 1129 2434 1192 vis
2479 1129 2539 1193 si
2582 1128 2675 1191 in-

326 1222 601 1369 grugret,
637 1220 913 1320 provisis
951 1220 1259 1321 enemplis
1292 1222 1470 1322 papis
1499 1218 1819 1283 Caudinae
1846 1218 2433 1320 Numantinaeque3
2468 1239 2675 1369 Πῗιῖε

326 1329 466 1474 ‘tt-²2,
490 1306 1765 1480 effofflsfflfflffissagffiffl
1798 1308 2534 1481 Zssssssffpessmssfffflm
2572 1327 2676 1457 ΖΞ.

323 1484 713 1569 tiquitatem,
750 1486 1047 1569 quotiens
1075 1487 1338 1551 fortuna
1372 1490 1597 1550 contra
1624 1487 1822 1570 daret,
1860 1485 2053 1550 saluti
2081 1484 2493 1549 consuluisse.
2551 1504 2679 1567 qua
2706 1510 2758 1551 10

322 1573 767 1656 desperatione
814 1575 1130 1638 exercitus
1187 1575 1316 1638 dux
1372 1576 1673 1640 subactus
1728 1575 1969 1660 primas
2022 1577 2241 1638 tamen
2292 1573 2541 1637 litteras
2598 1572 2678 1634 ad

326 1662 695 1748 Vologesen
738 1684 872 1727 non
917 1664 1262 1748 supplices,
1318 1665 1428 1728 sed
1483 1665 1553 1728 in
1597 1657 1860 1729 modum
1918 1663 2242 1746 querentis
2297 1661 2677 1746 composuit,

328 1752 499 1835 quod
534 1773 652 1835 pro
690 1750 1015 1816 Armeniis
1053 1774 1303 1836 semper
1338 1753 1667 1817 Romanae
1704 1752 1974 1817 dicionis
2022 1756 2133 1815 aut
2180 1751 2483 1815 subiectis
2520 1750 2678 1835 regi,

323 1861 518 1923 quem
573 1840 922 1924 imperator
975 1841 1340 1927 delegisset,
1403 1841 1669 1906 hostilia
1730 1843 1993 1906 faceret:
2055 1861 2278 1924 pacem
2340 1862 2419 1904 ex
2474 1860 2676 1923 aequo

328 1928 581 2012 utilem3
635 1951 716 1992 ne
770 1930 1131 2012 praesentia
1184 1933 1438 1993 tantum
1490 1934 1822 2013 spectaret.
1915 1930 2127 2013 ipsum
2176 1928 2475 1991 adversus
2521 1927 2678 1991 duas
2708 1952 2758 1993 15

327 2016 614 2099 legiones
655 2018 811 2080 totis
848 2018 1032 2102 regni
1068 2018 1312 2083 viribus
1360 2018 1713 2082 advenisse:
1761 2022 1828 2083 at
1863 2017 2173 2081 Romanis
2220 2016 2440 2080 orbem
2485 2018 2680 2079 terra-

329 2125 474 2167 rum
520 2104 858 2188 reliquum,
905 2127 1032 2189 quo
1078 2106 1318 2170 bellum
1366 2106 1675 2170 iuvarent.

506 2191 611 2256 Ad
667 2215 741 2256 ea
793 2193 1147 2280 Vologeses
1209 2194 1377 2258 nihil
1439 2217 1557 2279 pro
1624 2216 1838 2278 causa,
1902 2194 2013 2259 sed
2068 2193 2490 2278 opperiendos
2556 2192 2680 2258 sibi
2704 2192 2788 2256 14

325 2281 559 2345 fratres
612 2280 927 2347 Pacorum
985 2305 1057 2347 ac
1102 2282 1429 2347 Tiridaten
1483 2284 1837 2369 rescripsit3
1892 2284 2076 2347 illum
2132 2282 2347 2347 locum
2400 2286 2681 2365 tempus-

331 2392 455 2456 que
502 2371 770 2436 consilio
818 2372 1234 2456 destinatum,
1290 2373 1445 2457 quid
1491 2373 1570 2438 de
1615 2371 1923 2437 Armenia
1967 2375 2323 2458 cernerent3
2379 2370 2681 2436 adiecisse

331 2460 483 2525 deos
550 2460 815 2547 dignum
870 2460 1348 2546 Arsacidarum,
1414 2462 1609 2526 simul
1671 2466 1745 2527 ut
1809 2463 1885 2559 de
1949 2462 2312 2546 legionibus
2371 2460 2682 2525 Romanis

330 2655 592 2720 retteten,
619 2653 869 2707 n‘amlich
896 2652 1108 2722 Legion
1139 2655 1274 2708 oder
1300 2652 1574 2708 vielmehr
1601 2653 1738 2707 zwei
1766 2653 2053 2723 Legionen
2078 2659 2245 2722 ware,
2279 2654 2331 2707 ei
2356 2669 2430 2706 sc.
2460 2668 2683 2706 numero

333 2750 401 2769 =
432 2739 616 2777 eornm
642 2740 867 2777 numero
899 2724 1189 2793 abhangig
1215 2741 1327 2778 von
1346 2720 1474 2793 par'.
1508 2727 1517 2794 Ι
1553 2731 1635 2778 16.
1666 2727 1729 2778 in
1756 2741 2031 2779 commune
2059 2725 2285 2789 alacreS,
2311 2722 2422 2791 vgl.
2451 2722 2585 2790 Agr.
2617 2727 2683 2775 12

332 2795 398 2846 in
434 2809 709 2847 commune
744 2795 1044 2860 consulere,
1081 2794 1212 2854 hist.
1244 2800 1275 2847 2
1289 2837 1302 2862 ,
1333 2801 1402 2848 64
1439 2796 1503 2847 in
1538 2811 1814 2849 comm-une
1849 2795 2118 2864 eonyressi
2153 2811 2205 2848 u.
2238 2810 2308 2861 a.‚
2343 2791 2685 2846 vorbereitet

337 2862 515 2915 durch
542 2861 652 2915 Cic.
681 2880 783 2930 pro
814 2862 1033 2926 Quinct.
1070 2869 1100 2928 ἓ
1130 2869 1194 2916 12
1233 2865 1297 2917 in
1333 2881 1609 2918 commune
1645 2866 1902 2931 conferre.
1957 2868 1965 2932 Ι
2018 2869 2102 2918 18.
2140 2865 2241 2917 diu
2278 2864 2421 2916 statt
2456 2864 2545 2916 die
2579 2861 2687 2915 mit

333 2940 500 2988 noctu
535 2932 876 3000 verbunden,
914 2932 1009 2986 bei
1045 2932 1175 2987 Tac.
1214 2935 1362 2987 noch
1397 2933 1528 2989 hist.
1570 2940 1620 3003 2,
1649 2940 1680 2986 5
1719 2934 1866 2988 nach
1904 2933 2036 2988 Sall.
2075 2934 2202 3003 Jug.
2242 2938 2329 3002 38,
2364 2939 2422 3000 33
2452 2939 2549 3000 .44,
2580 2938 2628 2987 5.
2674 2934 2680 3005 Ι

335 3004 440 3059 iter
467 3003 858 3128 proferabant,
897 3020 938 3057 s.
979 3021 1047 3056 zu
1087 3010 1134 3071 1,
1171 3009 1255 3071 56,
1286 3010 1335 3059 8.

519 3073 552 3126 1
599 3109 616 3128 .
675 3079 722 3127 2.
773 3074 1094 3145 adpuynare
1130 3073 1207 3128 ist
1247 3092 1353 3129 vox
1389 3074 1647 3143 Tacitea,
1686 3075 1831 3129 auch
1869 3083 1927 3143 2,
1967 3081 2063 3144 81;
2100 3080 2159 3143 4,
2197 3081 2282 3129 48.
2344 3076 2353 3144 Ι
2413 3080 2461 3129 3.
2501 3076 2551 3128 si
2590 3074 2685 3127 ‘ob

341 3146 531 3212 etwa',
569 3144 675 3199 wie
707 3149 792 3213 13,
820 3150 890 3197 40
918 3146 968 3199 si
996 3146 1187 3200 laoeare
1215 3147 1433 3201 ordines
1460 3178 1530 3186 —
1550 3153 1745 3215 posset.
1797 3147 1805 3217 Ι
1854 3152 1904 3201 4.
1943 3148 2190 3212 extracti,
2226 3144 2343 3200 scil.
2372 3152 2514 3200 sunt.
2571 3144 2687 3197 Das

340 3215 571 3270 Perfekt
615 3214 944 3269 bezeichnet
990 3215 1091 3269 das
1127 3216 1403 3272 Resultat.
1465 3220 1473 3286 Ι
1534 3221 1582 3269 ὅ.
1629 3234 1728 3272 nec
1770 3219 1931 3272 aliud
1975 3235 2139 3287 qnam
2178 3216 2325 3269 ‘und
2373 3216 2453 3270 sie
2489 3216 2690 3269 thaten

337 3285 533 3340 weiter
559 3286 745 3340 nichts
766 3286 850 3339 als
871 3286 996 3340 dass
1018 3286 1139 3341 sie’.
1198 3287 1251 3342 S.
1273 3305 1339 3341 zu
1362 3293 1446 3355 13,
1466 3293 1553 3356 40,
1573 3293 1638 3340 16
1658 3305 1756 3343 nec
1783 3290 2020 3358 amplius
2047 3305 2212 3358 quam
2230 3320 2299 3328 —
2318 3289 2645 3355 firmaverat.
2673 3286 2680 3358 Ι

337 3359 676 3412 mwnimenta
694 3358 1139 3428 propuynabant.
1198 3358 1277 3411 Zu
1307 3358 1435 3413 dem
1461 3358 1592 3413 Aoo.
1622 3358 1729 3428 vgl.
1763 3358 1904 3414 Stat.
1927 3359 2100 3413 Theb.
2125 3365 2176 3428 4,
2201 3364 2303 3412 584
2325 3374 2690 3429 propuynans

334 3435 556 3498 pectora
631 3445 807 3495 arma,
845 3427 994 3482 Suet.
1036 3427 1188 3484 Caes,
1229 3434 1297 3482 23
1328 3437 1777 3500 propuynaturos
1811 3431 2110 3485 absentiam
2146 3447 2329 3496 suam,
2367 3428 2445 3484 Ol.
2482 3428 2686 3493 Quadr.

338 3517 466 3553 ann.
500 3506 528 3552 1
592 3517 634 3552 r.
667 3504 732 3551 12
771 3496 886 3569 (δεῖ
922 3497 1062 3553 Gell.
1099 3505 1149 3568 9,
1182 3505 1263 3570 11,
1294 3503 1350 3570 8)
1385 3502 1643 3556 tribanus
1677 3517 1842 3570 opera
1877 3503 2030 3556 alitis
2057 3507 2456 3570 propnynatus
2505 3501 2513 3566 Ι
2553 3516 2691 3569 pars

338 3602 411 3611 —
456 3575 507 3623 et
550 3570 655 3623 alii
702 3568 780 3621 ist
827 3569 1322 3638 ungebrauchlich.
1394 3571 1574 3625 Daffir
1621 3572 1773 3625 steht
1826 3571 2165 3641 regelrecht,
2220 3570 2326 3623 wie
2379 3570 2553 3623 sehon
2596 3569 2692 3623 bei

339 3639 570 3707 Sallust,
601 3657 740 3708 pars
765 3670 838 3679 —
864 3642 971 3693 alii
1000 3645 1048 3708 1,
1077 3646 1171 3707 233
1206 3648 1255 3711 3,
1285 3647 1369 3696 38.
1436 3649 1485 3697 et
1520 3643 1626 3696 alii
1663 3642 1838 3697 durch
1866 3650 1965 3696 aut
1990 3641 2050 3694 in
2079 3639 2215 3695 zwei
2243 3640 2398 3695 Teile
2426 3639 2642 3710 geteilt.
2678 3639 2688 3712 Ι

341 3714 393 3764 8.
431 3710 631 3764 Italico
661 3708 869 3779 populo
909 3710 1039 3763 ‘nur
1083 3711 1237 3765 einer
1274 3711 1566 3768 einzelnen
1600 3711 1998 3767 Volkersohaft
2033 3711 2306 3766 Italiens’.
2368 3714 2377 3782 Ι
2439 3717 2520 3766 10.
2562 3727 2689 3781 quo-

226 3795 238 3807 ·
341 3781 483 3834 tiens
517 3782 748 3847 fortuma
783 3786 976 3835 contra
1012 3783 1165 3836 daret
1198 3799 1305 3835 nur
1330 3782 1454 3836 hier
1488 3783 1606 3835 und
1633 3781 1763 3838 hist.
1798 3791 1844 3851 1,
1876 3789 1942 3837 65
1980 3785 2030 3837 si
2055 3783 2284 3850 fortuna
2320 3789 2509 3837 contra
2537 3783 2694 3837 daret

348 3850 532 3904 ‘wenn
553 3851 654 3904 das
671 3850 962 3905 Schicksal
980 3868 1162 3921 gegen
1183 3852 1262 3907 sie
1283 3853 1649 3908 entscheide’.
1677 3854 1683 3926 Ι
1712 3861 1791 3909 14.
1813 3872 1881 3908 ex
1900 3870 2068 3923 aequo
2086 3853 2314 3923 ‘gleich’
2337 3871 2377 3908 s.
2396 3871 2463 3906 zu
2482 3859 2566 3921 13,
2579 3860 2627 3921 2,
2642 3859 2689 3908 3.

523 3919 621 3976 14.
683 3927 731 3977 2.
780 3923 939 3976 illum
976 3923 1149 3977 locum
1189 3922 1335 3978 ‘hier
1370 3924 1451 3977 sei
1488 3925 1588 3979 der
1625 3924 1766 3979 Ort’.
1828 3928 1836 3994 Ι
1896 3931 1943 3978 3.
1992 3942 2203 3979 cernere
2241 3927 2383 3978 statt
2418 3925 2694 3980 decernere

343 3991 422 4046 ist
468 3991 836 4046 archaistisoh
883 4011 926 4047 z.
967 3993 1048 4077 Β..
1076 3992 1136 4046 in
1183 3993 1365 4049 einem
1401 3994 1633 4051 Gesetze
1678 3995 1773 4049 bei
1818 3995 1927 4050 Cic.
1979 3995 2048 4052 de
2093 3994 2240 4065 legg.
2273 4002 2322 4064 3,
2361 4002 2421 4063 3,
2450 4000 2482 4048 6
2527 3996 2693 4064 quod-

342 4080 412 4188 ⁶4²f
418 4066 1548 4206 “dqffimw„ffitssgz‘ffiffltwffissaff
1561 4065 1923 4208 &affl
1940 4072 2203 4192 iiiiii}
2237 4064 2695 4190 {ZZZ-iffi&

346 4203 606 4274 Genetiv,
648 4204 755 4259 wie
792 4205 1002 4260 Balbus
1049 4223 1138 4276 ap.
1179 4206 1288 4261 Cic.
1330 4208 1404 4261 ad
1439 4207 1558 4262 Att.
1599 4214 1649 4277 8,
1690 4213 1756 4261 15
1785 4208 1861 4276 A,
1904 4214 1931 4261 1
1971 4208 2179 4276 suscipe
2224 4222 2415 4260 cua-am
2458 4211 2508 4258 et
2552 4204 2692 4272 coqi·

344 4277 602 4330 tationem
639 4276 1018 4347 dignissimam
1053 4285 1180 4332 tuae
1216 4279 1463 4345 virtutis,
1507 4278 1626 4332 und
1660 4279 1927 4349 indiynus
1961 4277 2056 4331 bei
2091 4277 2257 4346 Verg.
2287 4275 2424 4329 Aen.
2458 4279 2522 4327 12
2536 4316 2550 4341 ,
2590 4278 2693 4326 649

345 4361 667 4415 maynorum
710 4347 863 4401 haud
896 4366 1143 4419 unquam
1186 4349 1453 4420 indiynas
1489 4366 1742 4416 avorum,
1789 4348 1959 4402 Silius
1998 4352 2029 4399 3
2043 4390 2056 4415 ,
2096 4351 2197 4398 383
2235 4362 2334 4399 nec
2369 4345 2564 4398 deatra
2600 4345 2695 4410 (an

346 4413 694 4485 Tapferkeit)
732 4418 997 4490 indiywas
1037 4435 1278 4475 avorum.
1339 4423 1348 4491 Ι
1406 4422 1595 4489 simul,
1631 4419 1739 4474 wie
1776 4420 1915 4473 fiber
1951 4414 2265 4470 Armenien.
