<?xml version="1.0" encoding="UTF-8"?>
<!DOCTYPE html PUBLIC "-//W3C//DTD XHTML 1.0 Transitional//EN"
    "http://www.w3.org/TR/xhtml1/DTD/xhtml1-transitional.dtd">
<html xmlns="http://www.w3.org/1999/xhtml" xml:lang="en" lang="en">
 <head>
  <title>
</title>
<meta http-equiv="Content-Type" content="text/html;charset=utf-8" />
  <meta name='ocr-system' content='tesseract 3.04.00' />
  <meta name='ocr-capabilities' content='ocr_page ocr_carea ocr_par ocr_line ocrx_word'/>
</head>
<body>
  <div class='ocr_page' id='page_1' title='image "./dieannalendesta01draegoog_0191.png"; bbox 0 0 3075 4800; ppageno 0'>
   <div class='ocr_carea' id='block_1_1' title="bbox 407 0 2716 376">
    <p class='ocr_par' dir='ltr' id='par_1_1' title="bbox 407 0 2716 376">
     <span class='ocr_line' id='line_1_1' title="bbox 407 0 1111 287; baseline -0.006 -189"><span class='ocrx_word' id='word_1_1' title='bbox 407 0 506 89; x_wconf 66' lang='lat' dir='ltr'><em>s</em></span> <span class='ocrx_word' id='word_1_2' title='bbox 514 0 899 98; x_wconf 48' lang='lat' dir='ltr'><strong>³³³Z&#39;ft‘ssssss?</strong></span> <span class='ocrx_word' id='word_1_3' title='bbox 920 0 1111 287; x_wconf 33' lang='lat'><strong>1²3</strong></span> 
     </span>
     <span class='ocr_line' id='line_1_2' title="bbox 488 125 1023 189; baseline 0.004 -4"><span class='ocrx_word' id='word_1_4' title='bbox 488 125 1023 189; x_wconf 60' lang='grc' dir='ltr'>υΝινεῆειΤΥ</span> 
     </span>
     <span class='ocr_line' id='line_1_3' title="bbox 553 222 2716 376; baseline -0.004 -56"><span class='ocrx_word' id='word_1_5' title='bbox 553 222 1039 376; x_wconf 40' lang='grc' dir='ltr'><strong>οΑυζὲΞ-Ψβμ</strong></span> <span class='ocrx_word' id='word_1_6' title='bbox 1126 261 1343 315; x_wconf 72' lang='lat' dir='ltr'>LIBER</span> <span class='ocrx_word' id='word_1_7' title='bbox 1376 260 1495 317; x_wconf 84' lang='lat' dir='ltr'><strong>xv.</strong></span> <span class='ocrx_word' id='word_1_8' title='bbox 1553 260 1706 316; x_wconf 82' lang='lat' dir='ltr'><strong>oAP.</strong></span> <span class='ocrx_word' id='word_1_9' title='bbox 1746 266 1935 315; x_wconf 79' lang='lat'><strong>7—-11,</strong></span> <span class='ocrx_word' id='word_1_10' title='bbox 2630 263 2716 328; x_wconf 79' lang='lat'><strong>59</strong></span> 
     </span>
    </p>
   </div>
   <div class='ocr_carea' id='block_1_2' title="bbox 358 421 2824 2986">
    <p class='ocr_par' dir='ltr' id='par_1_2' title="bbox 360 421 2716 776">
     <span class='ocr_line' id='line_1_4' title="bbox 363 421 2716 512; baseline -0.002 -19"><span class='ocrx_word' id='word_1_11' title='bbox 363 449 542 512; x_wconf 91' lang='lat' dir='ltr'><strong>spem</strong></span> <span class='ocrx_word' id='word_1_12' title='bbox 590 447 846 490; x_wconf 91' lang='lat' dir='ltr'><strong>omnem</strong></span> <span class='ocrx_word' id='word_1_13' title='bbox 895 424 962 487; x_wconf 95' lang='lat' dir='ltr'><strong>in</strong></span> <span class='ocrx_word' id='word_1_14' title='bbox 997 422 1369 487; x_wconf 74' lang='lat' dir='ltr'><strong>Armeniam</strong></span> <span class='ocrx_word' id='word_1_15' title='bbox 1415 425 1756 507; x_wconf 81' lang='lat' dir='ltr'><strong>verterent,</strong></span> <span class='ocrx_word' id='word_1_16' title='bbox 1801 423 1915 487; x_wconf 90' lang='lat' dir='ltr'><strong>ubi</strong></span> <span class='ocrx_word' id='word_1_17' title='bbox 1958 421 2195 486; x_wconf 90' lang='lat' dir='ltr'><strong>Paetus</strong></span> <span class='ocrx_word' id='word_1_18' title='bbox 2241 423 2716 488; x_wconf 88' lang='lat' dir='ltr'><strong>imminentium</strong></span> 
     </span>
     <span class='ocr_line' id='line_1_5' title="bbox 361 509 2716 597; baseline -0.001 -16"><span class='ocrx_word' id='word_1_19' title='bbox 361 516 612 581; x_wconf 88' lang='lat' dir='ltr'><strong>nescius</strong></span> <span class='ocrx_word' id='word_1_20' title='bbox 669 515 961 597; x_wconf 78' lang='lat' dir='ltr'>quintam</span> <span class='ocrx_word' id='word_1_21' title='bbox 1015 511 1337 597; x_wconf 82' lang='lat' dir='ltr'>legionem</span> <span class='ocrx_word' id='word_1_22' title='bbox 1391 510 1619 594; x_wconf 89' lang='lat' dir='ltr'><strong>procul</strong></span> <span class='ocrx_word' id='word_1_23' title='bbox 1673 511 1743 574; x_wconf 91' lang='lat' dir='ltr'><strong>in</strong></span> <span class='ocrx_word' id='word_1_24' title='bbox 1794 510 2007 575; x_wconf 87' lang='lat' dir='ltr'><strong>Ponto</strong></span> <span class='ocrx_word' id='word_1_25' title='bbox 2062 509 2368 595; x_wconf 87' lang='lat' dir='ltr'><strong>habebat,</strong></span> <span class='ocrx_word' id='word_1_26' title='bbox 2436 512 2716 596; x_wconf 89' lang='lat' dir='ltr'><strong>reliquas</strong></span> 
     </span>
     <span class='ocr_line' id='line_1_6' title="bbox 360 598 2715 688; baseline -0.001 -20"><span class='ocrx_word' id='word_1_27' title='bbox 360 603 697 688; x_wconf 80' lang='lat' dir='ltr'><strong>promiscis</strong></span> <span class='ocrx_word' id='word_1_28' title='bbox 752 600 1035 664; x_wconf 85' lang='lat' dir='ltr'><strong>militum</strong></span> <span class='ocrx_word' id='word_1_29' title='bbox 1082 598 1546 664; x_wconf 88' lang='lat' dir='ltr'><strong>commeatibus</strong></span> <span class='ocrx_word' id='word_1_30' title='bbox 1602 600 2062 683; x_wconf 84' lang='lat' dir='ltr'><strong>infirmaverat,</strong></span> <span class='ocrx_word' id='word_1_31' title='bbox 2120 599 2322 664; x_wconf 93' lang='lat' dir='ltr'><strong>donec</strong></span> <span class='ocrx_word' id='word_1_32' title='bbox 2376 600 2715 665; x_wconf 84' lang='lat' dir='ltr'><strong>adventare</strong></span> 
     </span>
     <span class='ocr_line' id='line_1_7' title="bbox 360 688 2075 776; baseline -0.003 -19"><span class='ocrx_word' id='word_1_33' title='bbox 360 693 728 776; x_wconf 84' lang='lat' dir='ltr'>Vologesen</span> <span class='ocrx_word' id='word_1_34' title='bbox 773 708 1009 772; x_wconf 89' lang='lat' dir='ltr'><strong>magno</strong></span> <span class='ocrx_word' id='word_1_35' title='bbox 1055 691 1121 752; x_wconf 89' lang='lat' dir='ltr'><strong>et</strong></span> <span class='ocrx_word' id='word_1_36' title='bbox 1167 688 1417 751; x_wconf 82' lang='lat' dir='ltr'><strong>infenso</strong></span> <span class='ocrx_word' id='word_1_37' title='bbox 1465 688 1720 773; x_wconf 81' lang='lat' dir='ltr'><strong>agmine</strong></span> <span class='ocrx_word' id='word_1_38' title='bbox 1768 688 2075 752; x_wconf 89' lang='lat' dir='ltr'><strong>auditum.</strong></span> 
     </span>
    </p>

    <p class='ocr_par' dir='ltr' id='par_1_3' title="bbox 358 776 2824 2611">
     <span class='ocr_line' id='line_1_8' title="bbox 536 776 2824 862; baseline 0.001 -21"><span class='ocrx_word' id='word_1_39' title='bbox 536 776 804 841; x_wconf 77' lang='lat' dir='ltr'><strong>Accitur</strong></span> <span class='ocrx_word' id='word_1_40' title='bbox 847 777 1018 862; x_wconf 93' lang='lat' dir='ltr'><strong>legio</strong></span> <span class='ocrx_word' id='word_1_41' title='bbox 1066 776 1487 859; x_wconf 88' lang='lat' dir='ltr'><strong>duodecuma,</strong></span> <span class='ocrx_word' id='word_1_42' title='bbox 1544 779 1609 839; x_wconf 87' lang='lat' dir='ltr'><strong>et</strong></span> <span class='ocrx_word' id='word_1_43' title='bbox 1662 776 1830 839; x_wconf 89' lang='lat' dir='ltr'><strong>unde</strong></span> <span class='ocrx_word' id='word_1_44' title='bbox 1884 776 2123 840; x_wconf 88' lang='lat' dir='ltr'><strong>famam</strong></span> <span class='ocrx_word' id='word_1_45' title='bbox 2180 776 2351 841; x_wconf 89' lang='lat' dir='ltr'><strong>aucti</strong></span> <span class='ocrx_word' id='word_1_46' title='bbox 2397 778 2715 843; x_wconf 86' lang='lat' dir='ltr'><strong>exercitus</strong></span> <span class='ocrx_word' id='word_1_47' title='bbox 2741 780 2824 843; x_wconf 90' lang='lat'><strong>10</strong></span> 
     </span>
     <span class='ocr_line' id='line_1_9' title="bbox 361 864 2718 951; baseline -0 -19"><span class='ocrx_word' id='word_1_48' title='bbox 361 868 751 951; x_wconf 82' lang='lat' dir='ltr'><strong>speraverat,</strong></span> <span class='ocrx_word' id='word_1_49' title='bbox 807 865 1063 948; x_wconf 88' lang='lat' dir='ltr'><strong>prodita</strong></span> <span class='ocrx_word' id='word_1_50' title='bbox 1116 864 1573 948; x_wconf 73' lang='lat' dir='ltr'><strong>infrequentia,</strong></span> <span class='ocrx_word' id='word_1_51' title='bbox 1629 885 1756 946; x_wconf 93' lang='lat' dir='ltr'><strong>qua</strong></span> <span class='ocrx_word' id='word_1_52' title='bbox 1809 868 2025 928; x_wconf 89' lang='lat' dir='ltr'><strong>tamen</strong></span> <span class='ocrx_word' id='word_1_53' title='bbox 2078 865 2343 929; x_wconf 89' lang='lat' dir='ltr'><strong>retineri</strong></span> <span class='ocrx_word' id='word_1_54' title='bbox 2388 870 2597 931; x_wconf 85' lang='lat' dir='ltr'><strong>castra</strong></span> <span class='ocrx_word' id='word_1_55' title='bbox 2651 870 2718 930; x_wconf 89' lang='lat' dir='ltr'><strong>et</strong></span> 
     </span>
     <span class='ocr_line' id='line_1_10' title="bbox 361 952 2717 1036; baseline -0 -17"><span class='ocrx_word' id='word_1_56' title='bbox 361 955 534 1019; x_wconf 88' lang='lat' dir='ltr'><strong>eludi</strong></span> <span class='ocrx_word' id='word_1_57' title='bbox 576 953 857 1017; x_wconf 85' lang='lat' dir='ltr'><strong>Parthus</strong></span> <span class='ocrx_word' id='word_1_58' title='bbox 902 956 1115 1018; x_wconf 86' lang='lat' dir='ltr'><strong>tractu</strong></span> <span class='ocrx_word' id='word_1_59' title='bbox 1161 953 1316 1016; x_wconf 84' lang='lat' dir='ltr'><strong>belli</strong></span> <span class='ocrx_word' id='word_1_60' title='bbox 1359 955 1642 1036; x_wconf 88' lang='lat' dir='ltr'><strong>poterat,</strong></span> <span class='ocrx_word' id='word_1_61' title='bbox 1694 953 1750 1017; x_wconf 90' lang='lat' dir='ltr'><strong>si</strong></span> <span class='ocrx_word' id='word_1_62' title='bbox 1794 952 1993 1017; x_wconf 89' lang='lat' dir='ltr'><strong>Paeto</strong></span> <span class='ocrx_word' id='word_1_63' title='bbox 2041 956 2153 1016; x_wconf 87' lang='lat' dir='ltr'><strong>aut</strong></span> <span class='ocrx_word' id='word_1_64' title='bbox 2197 954 2267 1017; x_wconf 93' lang='lat' dir='ltr'><strong>in</strong></span> <span class='ocrx_word' id='word_1_65' title='bbox 2311 954 2445 1018; x_wconf 91' lang='lat' dir='ltr'><strong>suis</strong></span> <span class='ocrx_word' id='word_1_66' title='bbox 2492 959 2604 1019; x_wconf 86' lang='lat' dir='ltr'><strong>aut</strong></span> <span class='ocrx_word' id='word_1_67' title='bbox 2648 956 2717 1018; x_wconf 90' lang='lat' dir='ltr'><strong>in</strong></span> 
     </span>
     <span class='ocr_line' id='line_1_11' title="bbox 362 1041 2717 1108; baseline -0 0"><span class='ocrx_word' id='word_1_68' title='bbox 362 1043 585 1108; x_wconf 86' lang='lat' dir='ltr'><strong>alienis</strong></span> <span class='ocrx_word' id='word_1_69' title='bbox 639 1041 925 1106; x_wconf 87' lang='lat' dir='ltr'><strong>consiliis</strong></span> <span class='ocrx_word' id='word_1_70' title='bbox 979 1042 1342 1105; x_wconf 84' lang='lat' dir='ltr'><strong>constantia</strong></span> <span class='ocrx_word' id='word_1_71' title='bbox 1392 1041 1638 1104; x_wconf 86' lang='lat' dir='ltr'><strong>fuisset.</strong></span> <span class='ocrx_word' id='word_1_72' title='bbox 1728 1062 1953 1105; x_wconf 83' lang='lat' dir='ltr'><strong>verum</strong></span> <span class='ocrx_word' id='word_1_73' title='bbox 2011 1041 2125 1104; x_wconf 91' lang='lat' dir='ltr'><strong>ubi</strong></span> <span class='ocrx_word' id='word_1_74' title='bbox 2180 1064 2219 1105; x_wconf 90' lang='lat' dir='ltr'><strong>a</strong></span> <span class='ocrx_word' id='word_1_75' title='bbox 2271 1043 2427 1107; x_wconf 83' lang='lat' dir='ltr'><strong>viris</strong></span> <span class='ocrx_word' id='word_1_76' title='bbox 2482 1044 2717 1107; x_wconf 88' lang='lat' dir='ltr'><strong>milita-</strong></span> 
     </span>
     <span class='ocr_line' id='line_1_12' title="bbox 359 1130 2795 1215; baseline 0 -18"><span class='ocrx_word' id='word_1_77' title='bbox 359 1133 539 1197; x_wconf 87' lang='lat' dir='ltr'><strong>ribus</strong></span> <span class='ocrx_word' id='word_1_78' title='bbox 587 1131 887 1196; x_wconf 83' lang='lat' dir='ltr'><strong>adversus</strong></span> <span class='ocrx_word' id='word_1_79' title='bbox 932 1133 1234 1215; x_wconf 86' lang='lat' dir='ltr'><strong>urgentes</strong></span> <span class='ocrx_word' id='word_1_80' title='bbox 1280 1149 1463 1193; x_wconf 90' lang='lat' dir='ltr'><strong>casus</strong></span> <span class='ocrx_word' id='word_1_81' title='bbox 1506 1130 1800 1193; x_wconf 86' lang='lat' dir='ltr'><strong>firmatus</strong></span> <span class='ocrx_word' id='word_1_82' title='bbox 1847 1133 2001 1213; x_wconf 86' lang='lat' dir='ltr'><strong>erat,</strong></span> <span class='ocrx_word' id='word_1_83' title='bbox 2046 1151 2266 1195; x_wconf 88' lang='lat' dir='ltr'><strong>rursus</strong></span> <span class='ocrx_word' id='word_1_84' title='bbox 2278 1181 2296 1215; x_wconf 89' lang='lat'><em>‚</em></span> <span class='ocrx_word' id='word_1_85' title='bbox 2345 1153 2426 1195; x_wconf 91' lang='lat' dir='ltr'><strong>ne</strong></span> <span class='ocrx_word' id='word_1_86' title='bbox 2472 1131 2716 1196; x_wconf 88' lang='lat' dir='ltr'><strong>alienae</strong></span> <span class='ocrx_word' id='word_1_87' title='bbox 2771 1158 2795 1199; x_wconf 87' lang='lat'><strong>5</strong></span> 
     </span>
     <span class='ocr_line' id='line_1_13' title="bbox 362 1217 2714 1304; baseline -0.001 -18"><span class='ocrx_word' id='word_1_88' title='bbox 362 1220 713 1287; x_wconf 88' lang='lat' dir='ltr'><strong>sententiae</strong></span> <span class='ocrx_word' id='word_1_89' title='bbox 759 1219 1053 1304; x_wconf 87' lang='lat' dir='ltr'><strong>indigens</strong></span> <span class='ocrx_word' id='word_1_90' title='bbox 1098 1217 1448 1301; x_wconf 82' lang='lat' dir='ltr'><strong>videretur,</strong></span> <span class='ocrx_word' id='word_1_91' title='bbox 1494 1217 1564 1280; x_wconf 91' lang='lat' dir='ltr'><strong>in</strong></span> <span class='ocrx_word' id='word_1_92' title='bbox 1609 1217 1859 1281; x_wconf 83' lang='lat' dir='ltr'><strong>diversa</strong></span> <span class='ocrx_word' id='word_1_93' title='bbox 1903 1239 1977 1281; x_wconf 89' lang='lat' dir='ltr'><strong>ac</strong></span> <span class='ocrx_word' id='word_1_94' title='bbox 2022 1217 2339 1283; x_wconf 89' lang='lat' dir='ltr'><strong>deteriora</strong></span> <span class='ocrx_word' id='word_1_95' title='bbox 2382 1221 2714 1285; x_wconf 81' lang='lat' dir='ltr'><strong>transibat.</strong></span> 
     </span>
     <span class='ocr_line' id='line_1_14' title="bbox 362 1305 2716 1392; baseline -0 -18"><span class='ocrx_word' id='word_1_96' title='bbox 362 1314 427 1374; x_wconf 89' lang='lat' dir='ltr'><strong>et</strong></span> <span class='ocrx_word' id='word_1_97' title='bbox 479 1314 635 1373; x_wconf 88' lang='lat' dir='ltr'><strong>tunc</strong></span> <span class='ocrx_word' id='word_1_98' title='bbox 688 1308 930 1371; x_wconf 87' lang='lat' dir='ltr'><strong>relictis</strong></span> <span class='ocrx_word' id='word_1_99' title='bbox 983 1305 1270 1369; x_wconf 88' lang='lat' dir='ltr'><strong>hibernis</strong></span> <span class='ocrx_word' id='word_1_100' title='bbox 1334 1326 1468 1368; x_wconf 90' lang='lat' dir='ltr'><strong>non</strong></span> <span class='ocrx_word' id='word_1_101' title='bbox 1520 1305 1759 1369; x_wconf 84' lang='lat' dir='ltr'><strong>fossam</strong></span> <span class='ocrx_word' id='word_1_102' title='bbox 1825 1327 2033 1389; x_wconf 91' lang='lat' dir='ltr'><strong>neque</strong></span> <span class='ocrx_word' id='word_1_103' title='bbox 2092 1307 2333 1370; x_wconf 82' lang='lat' dir='ltr'><strong>vallum</strong></span> <span class='ocrx_word' id='word_1_104' title='bbox 2392 1308 2542 1392; x_wconf 84' lang='lat' dir='ltr'><strong>sibi,</strong></span> <span class='ocrx_word' id='word_1_105' title='bbox 2606 1309 2716 1373; x_wconf 90' lang='lat' dir='ltr'><strong>sed</strong></span> 
     </span>
     <span class='ocr_line' id='line_1_15' title="bbox 361 1393 2718 1482; baseline -0.001 -19"><span class='ocrx_word' id='word_1_106' title='bbox 361 1412 632 1482; x_wconf 89' lang='lat' dir='ltr'><strong>corpora</strong></span> <span class='ocrx_word' id='word_1_107' title='bbox 675 1400 741 1460; x_wconf 89' lang='lat' dir='ltr'><strong>et</strong></span> <span class='ocrx_word' id='word_1_108' title='bbox 777 1417 952 1460; x_wconf 90' lang='lat' dir='ltr'><strong>arma</strong></span> <span class='ocrx_word' id='word_1_109' title='bbox 999 1396 1067 1458; x_wconf 89' lang='lat' dir='ltr'><strong>in</strong></span> <span class='ocrx_word' id='word_1_110' title='bbox 1101 1394 1356 1458; x_wconf 89' lang='lat' dir='ltr'><strong>hostem</strong></span> <span class='ocrx_word' id='word_1_111' title='bbox 1393 1393 1544 1457; x_wconf 85' lang='lat' dir='ltr'><strong>data</strong></span> <span class='ocrx_word' id='word_1_112' title='bbox 1580 1394 1933 1478; x_wconf 86' lang='lat' dir='ltr'><strong>clamitans,</strong></span> <span class='ocrx_word' id='word_1_113' title='bbox 1979 1393 2163 1458; x_wconf 82' lang='lat' dir='ltr'><strong>duxit</strong></span> <span class='ocrx_word' id='word_1_114' title='bbox 2200 1395 2486 1481; x_wconf 87' lang='lat' dir='ltr'><strong>legiones</strong></span> <span class='ocrx_word' id='word_1_115' title='bbox 2534 1398 2718 1479; x_wconf 83' lang='lat' dir='ltr'><strong>quasi</strong></span> 
     </span>
     <span class='ocr_line' id='line_1_16' title="bbox 360 1482 2718 1570; baseline 0 -20"><span class='ocrx_word' id='word_1_116' title='bbox 360 1485 608 1570; x_wconf 90' lang='lat' dir='ltr'><strong>proelio</strong></span> <span class='ocrx_word' id='word_1_117' title='bbox 656 1488 1030 1549; x_wconf 73' lang='lat' dir='ltr'><strong>certaturus.</strong></span> <span class='ocrx_word' id='word_1_118' title='bbox 1122 1482 1351 1546; x_wconf 88' lang='lat' dir='ltr'><strong>deinde</strong></span> <span class='ocrx_word' id='word_1_119' title='bbox 1398 1482 1633 1546; x_wconf 87' lang='lat' dir='ltr'><strong>amisso</strong></span> <span class='ocrx_word' id='word_1_120' title='bbox 1680 1483 2051 1547; x_wconf 86' lang='lat' dir='ltr'><strong>centurione</strong></span> <span class='ocrx_word' id='word_1_121' title='bbox 2108 1487 2172 1547; x_wconf 86' lang='lat' dir='ltr'><strong>et</strong></span> <span class='ocrx_word' id='word_1_122' title='bbox 2221 1486 2443 1568; x_wconf 86' lang='lat' dir='ltr'><strong>paucis</strong></span> <span class='ocrx_word' id='word_1_123' title='bbox 2497 1486 2718 1550; x_wconf 89' lang='lat' dir='ltr'><strong>militi-</strong></span> 
     </span>
     <span class='ocr_line' id='line_1_17' title="bbox 361 1570 2797 1658; baseline 0 -19"><span class='ocrx_word' id='word_1_124' title='bbox 361 1575 500 1658; x_wconf 85' lang='lat' dir='ltr'><strong>bus,</strong></span> <span class='ocrx_word' id='word_1_125' title='bbox 549 1595 710 1657; x_wconf 90' lang='lat' dir='ltr'><strong>quos</strong></span> <span class='ocrx_word' id='word_1_126' title='bbox 756 1572 1037 1636; x_wconf 84' lang='lat' dir='ltr'><strong>visendis</strong></span> <span class='ocrx_word' id='word_1_127' title='bbox 1082 1570 1370 1635; x_wconf 92' lang='lat' dir='ltr'><strong>hostium</strong></span> <span class='ocrx_word' id='word_1_128' title='bbox 1416 1570 1620 1653; x_wconf 91' lang='lat' dir='ltr'><strong>copiis</strong></span> <span class='ocrx_word' id='word_1_129' title='bbox 1664 1571 2097 1655; x_wconf 85' lang='lat' dir='ltr'><strong>praemiserat,</strong></span> <span class='ocrx_word' id='word_1_130' title='bbox 2146 1573 2433 1655; x_wconf 90' lang='lat' dir='ltr'><strong>trepidus</strong></span> <span class='ocrx_word' id='word_1_131' title='bbox 2479 1595 2716 1637; x_wconf 89' lang='lat' dir='ltr'><strong>remea·</strong></span> <span class='ocrx_word' id='word_1_132' title='bbox 2745 1601 2797 1640; x_wconf 90' lang='lat'><strong>10</strong></span> 
     </span>
     <span class='ocr_line' id='line_1_18' title="bbox 361 1658 2715 1744; baseline -0 -17"><span class='ocrx_word' id='word_1_133' title='bbox 361 1665 473 1728; x_wconf 72' lang='lat' dir='ltr'><strong>vit.</strong></span> <span class='ocrx_word' id='word_1_134' title='bbox 567 1665 632 1725; x_wconf 88' lang='lat' dir='ltr'><strong>et</strong></span> <span class='ocrx_word' id='word_1_135' title='bbox 687 1661 839 1743; x_wconf 87' lang='lat' dir='ltr'><strong>quia</strong></span> <span class='ocrx_word' id='word_1_136' title='bbox 892 1661 1106 1724; x_wconf 89' lang='lat' dir='ltr'><strong>minus</strong></span> <span class='ocrx_word' id='word_1_137' title='bbox 1163 1659 1395 1723; x_wconf 80' lang='lat' dir='ltr'><strong>acriter</strong></span> <span class='ocrx_word' id='word_1_138' title='bbox 1448 1658 1804 1744; x_wconf 88' lang='lat' dir='ltr'><strong>Vologeses</strong></span> <span class='ocrx_word' id='word_1_139' title='bbox 1859 1660 2208 1743; x_wconf 82' lang='lat' dir='ltr'><strong>institerat,</strong></span> <span class='ocrx_word' id='word_1_140' title='bbox 2272 1682 2436 1724; x_wconf 82' lang='lat' dir='ltr'><strong>vana</strong></span> <span class='ocrx_word' id='word_1_141' title='bbox 2493 1683 2715 1726; x_wconf 88' lang='lat' dir='ltr'><strong>rursus</strong></span> 
     </span>
     <span class='ocr_line' id='line_1_19' title="bbox 359 1746 2717 1834; baseline -0 -19"><span class='ocrx_word' id='word_1_142' title='bbox 359 1750 597 1815; x_wconf 89' lang='lat' dir='ltr'><strong>fiducia</strong></span> <span class='ocrx_word' id='word_1_143' title='bbox 638 1750 765 1813; x_wconf 86' lang='lat' dir='ltr'><strong>tria</strong></span> <span class='ocrx_word' id='word_1_144' title='bbox 808 1748 991 1813; x_wconf 88' lang='lat' dir='ltr'><strong>milia</strong></span> <span class='ocrx_word' id='word_1_145' title='bbox 1035 1746 1266 1812; x_wconf 88' lang='lat' dir='ltr'><strong>delecti</strong></span> <span class='ocrx_word' id='word_1_146' title='bbox 1309 1747 1546 1830; x_wconf 81' lang='lat' dir='ltr'><strong>peditis</strong></span> <span class='ocrx_word' id='word_1_147' title='bbox 1592 1748 1890 1829; x_wconf 81' lang='lat' dir='ltr'><strong>proximo</strong></span> <span class='ocrx_word' id='word_1_148' title='bbox 1938 1747 2133 1811; x_wconf 84' lang='lat' dir='ltr'><strong>Tauri</strong></span> <span class='ocrx_word' id='word_1_149' title='bbox 2188 1749 2341 1834; x_wconf 87' lang='lat' dir='ltr'><strong>iugo</strong></span> <span class='ocrx_word' id='word_1_150' title='bbox 2388 1749 2717 1834; x_wconf 90' lang='lat' dir='ltr'><strong>imposuit,</strong></span> 
     </span>
     <span class='ocr_line' id='line_1_20' title="bbox 359 1835 2718 1924; baseline -0.001 -20"><span class='ocrx_word' id='word_1_151' title='bbox 359 1858 488 1924; x_wconf 90' lang='lat' dir='ltr'><strong>quo</strong></span> <span class='ocrx_word' id='word_1_152' title='bbox 534 1839 880 1903; x_wconf 87' lang='lat' dir='ltr'><strong>transitum</strong></span> <span class='ocrx_word' id='word_1_153' title='bbox 925 1837 1096 1922; x_wconf 88' lang='lat' dir='ltr'><strong>regis</strong></span> <span class='ocrx_word' id='word_1_154' title='bbox 1144 1839 1457 1919; x_wconf 85' lang='lat' dir='ltr'><strong>arcerent3</strong></span> <span class='ocrx_word' id='word_1_155' title='bbox 1513 1835 1716 1899; x_wconf 90' lang='lat' dir='ltr'><strong>alares</strong></span> <span class='ocrx_word' id='word_1_156' title='bbox 1763 1856 2018 1919; x_wconf 91' lang='lat' dir='ltr'><strong>quoque</strong></span> <span class='ocrx_word' id='word_1_157' title='bbox 2063 1835 2460 1922; x_wconf 87' lang='lat' dir='ltr'><strong>Pannonios,</strong></span> <span class='ocrx_word' id='word_1_158' title='bbox 2519 1839 2718 1902; x_wconf 91' lang='lat' dir='ltr'><strong>robur</strong></span> 
     </span>
     <span class='ocr_line' id='line_1_21' title="bbox 360 1925 2715 2013; baseline -0 -21"><span class='ocrx_word' id='word_1_159' title='bbox 360 1927 702 2013; x_wconf 87' lang='lat' dir='ltr'><strong>equitatus,</strong></span> <span class='ocrx_word' id='word_1_160' title='bbox 748 1927 817 1989; x_wconf 91' lang='lat' dir='ltr'><strong>in</strong></span> <span class='ocrx_word' id='word_1_161' title='bbox 860 1929 1044 2008; x_wconf 86' lang='lat' dir='ltr'><strong>parte</strong></span> <span class='ocrx_word' id='word_1_162' title='bbox 1089 1925 1302 2008; x_wconf 90' lang='lat' dir='ltr'><strong>campi</strong></span> <span class='ocrx_word' id='word_1_163' title='bbox 1346 1925 1533 1988; x_wconf 87' lang='lat' dir='ltr'><strong>locat.</strong></span> <span class='ocrx_word' id='word_1_164' title='bbox 1621 1925 1900 2013; x_wconf 85' lang='lat' dir='ltr'><strong>coniunx</strong></span> <span class='ocrx_word' id='word_1_165' title='bbox 1946 1946 2019 1989; x_wconf 89' lang='lat' dir='ltr'><strong>ac</strong></span> <span class='ocrx_word' id='word_1_166' title='bbox 2063 1925 2237 1990; x_wconf 89' lang='lat' dir='ltr'><strong>filius</strong></span> <span class='ocrx_word' id='word_1_167' title='bbox 2282 1926 2565 2010; x_wconf 88' lang='lat' dir='ltr'><strong>castell0,</strong></span> <span class='ocrx_word' id='word_1_168' title='bbox 2611 1929 2715 1991; x_wconf 93' lang='lat' dir='ltr'><strong>cui</strong></span> 
     </span>
     <span class='ocr_line' id='line_1_22' title="bbox 359 2011 2796 2096; baseline 0.001 -15"><span class='ocrx_word' id='word_1_169' title='bbox 359 2015 775 2081; x_wconf 87' lang='lat' dir='ltr'><strong>Arsamosata</strong></span> <span class='ocrx_word' id='word_1_170' title='bbox 817 2035 1055 2078; x_wconf 92' lang='lat' dir='ltr'><strong>nomen</strong></span> <span class='ocrx_word' id='word_1_171' title='bbox 1101 2016 1225 2095; x_wconf 87' lang='lat' dir='ltr'><strong>est,</strong></span> <span class='ocrx_word' id='word_1_172' title='bbox 1281 2012 1512 2095; x_wconf 84' lang='lat' dir='ltr'><strong>abditi,</strong></span> <span class='ocrx_word' id='word_1_173' title='bbox 1569 2011 1720 2076; x_wconf 86' lang='lat' dir='ltr'><strong>data</strong></span> <span class='ocrx_word' id='word_1_174' title='bbox 1763 2013 1833 2075; x_wconf 92' lang='lat' dir='ltr'><strong>in</strong></span> <span class='ocrx_word' id='word_1_175' title='bbox 1875 2014 2266 2096; x_wconf 87' lang='lat' dir='ltr'><strong>praesidium</strong></span> <span class='ocrx_word' id='word_1_176' title='bbox 2322 2014 2587 2080; x_wconf 86' lang='lat' dir='ltr'><strong>cohorte</strong></span> <span class='ocrx_word' id='word_1_177' title='bbox 2643 2037 2716 2081; x_wconf 87' lang='lat' dir='ltr'><strong>ac</strong></span> <span class='ocrx_word' id='word_1_178' title='bbox 2745 2043 2796 2083; x_wconf 85' lang='lat'><strong>15</strong></span> 
     </span>
     <span class='ocr_line' id='line_1_23' title="bbox 361 2099 2715 2189; baseline 0 -20"><span class='ocrx_word' id='word_1_179' title='bbox 361 2105 648 2189; x_wconf 84' lang='lat' dir='ltr'><strong>disperso</strong></span> <span class='ocrx_word' id='word_1_180' title='bbox 694 2103 927 2186; x_wconf 90' lang='lat' dir='ltr'><strong>milite,</strong></span> <span class='ocrx_word' id='word_1_181' title='bbox 985 2101 1098 2186; x_wconf 90' lang='lat' dir='ltr'><strong>qui</strong></span> <span class='ocrx_word' id='word_1_182' title='bbox 1151 2102 1221 2164; x_wconf 93' lang='lat' dir='ltr'><strong>in</strong></span> <span class='ocrx_word' id='word_1_183' title='bbox 1265 2122 1394 2164; x_wconf 88' lang='lat' dir='ltr'><strong>uno</strong></span> <span class='ocrx_word' id='word_1_184' title='bbox 1440 2099 1703 2165; x_wconf 88' lang='lat' dir='ltr'><strong>habitus</strong></span> <span class='ocrx_word' id='word_1_185' title='bbox 1756 2122 1993 2185; x_wconf 82' lang='lat' dir='ltr'><strong>vagum</strong></span> <span class='ocrx_word' id='word_1_186' title='bbox 2042 2102 2297 2166; x_wconf 89' lang='lat' dir='ltr'><strong>hostem</strong></span> <span class='ocrx_word' id='word_1_187' title='bbox 2350 2105 2715 2187; x_wconf 88' lang='lat' dir='ltr'><strong>promptius</strong></span> 
     </span>
     <span class='ocr_line' id='line_1_24' title="bbox 361 2187 2718 2276; baseline -0.001 -19"><span class='ocrx_word' id='word_1_188' title='bbox 361 2192 864 2257; x_wconf 83' lang='lat' dir='ltr'><strong>sustentavisset.</strong></span> <span class='ocrx_word' id='word_1_189' title='bbox 955 2212 1145 2276; x_wconf 87' lang='lat' dir='ltr'><strong>aegre</strong></span> <span class='ocrx_word' id='word_1_190' title='bbox 1199 2187 1605 2272; x_wconf 89' lang='lat' dir='ltr'><strong>compulsum</strong></span> <span class='ocrx_word' id='word_1_191' title='bbox 1658 2189 1900 2273; x_wconf 87' lang='lat' dir='ltr'><strong>ferunt,</strong></span> <span class='ocrx_word' id='word_1_192' title='bbox 1955 2194 2029 2254; x_wconf 91' lang='lat' dir='ltr'><strong>ut</strong></span> <span class='ocrx_word' id='word_1_193' title='bbox 2081 2187 2429 2255; x_wconf 86' lang='lat' dir='ltr'><strong>instantem</strong></span> <span class='ocrx_word' id='word_1_194' title='bbox 2477 2191 2718 2256; x_wconf 86' lang='lat' dir='ltr'><strong>Corbu-</strong></span> 
     </span>
     <span class='ocr_line' id='line_1_25' title="bbox 358 2277 2715 2364; baseline -0 -18"><span class='ocrx_word' id='word_1_195' title='bbox 358 2282 498 2346; x_wconf 89' lang='lat' dir='ltr'><strong>loni</strong></span> <span class='ocrx_word' id='word_1_196' title='bbox 542 2281 868 2344; x_wconf 88' lang='lat' dir='ltr'><strong>fateretur.</strong></span> <span class='ocrx_word' id='word_1_197' title='bbox 959 2299 1077 2343; x_wconf 91' lang='lat' dir='ltr'><strong>nec</strong></span> <span class='ocrx_word' id='word_1_198' title='bbox 1124 2301 1162 2342; x_wconf 87' lang='lat' dir='ltr'><strong>a</strong></span> <span class='ocrx_word' id='word_1_199' title='bbox 1207 2277 1570 2342; x_wconf 86' lang='lat' dir='ltr'><strong>Corbulone</strong></span> <span class='ocrx_word' id='word_1_200' title='bbox 1615 2282 2056 2362; x_wconf 87' lang='lat' dir='ltr'><strong>properatum,</strong></span> <span class='ocrx_word' id='word_1_201' title='bbox 2114 2300 2243 2362; x_wconf 93' lang='lat' dir='ltr'><strong>quo</strong></span> <span class='ocrx_word' id='word_1_202' title='bbox 2293 2280 2715 2364; x_wconf 88' lang='lat' dir='ltr'><strong>gliscentibus</strong></span> 
     </span>
     <span class='ocr_line' id='line_1_26' title="bbox 359 2366 2716 2455; baseline 0 -21"><span class='ocrx_word' id='word_1_203' title='bbox 359 2369 662 2455; x_wconf 90' lang='lat' dir='ltr'><strong>periculis</strong></span> <span class='ocrx_word' id='word_1_204' title='bbox 709 2369 902 2433; x_wconf 87' lang='lat' dir='ltr'><strong>etiam</strong></span> <span class='ocrx_word' id='word_1_205' title='bbox 949 2367 1222 2433; x_wconf 90' lang='lat' dir='ltr'><strong>subsidii</strong></span> <span class='ocrx_word' id='word_1_206' title='bbox 1264 2367 1404 2432; x_wconf 88' lang='lat' dir='ltr'><strong>laus</strong></span> <span class='ocrx_word' id='word_1_207' title='bbox 1457 2368 1814 2452; x_wconf 88' lang='lat' dir='ltr'><strong>augeretur.</strong></span> <span class='ocrx_word' id='word_1_208' title='bbox 1906 2366 2193 2451; x_wconf 85' lang='lat' dir='ltr'><strong>expediri</strong></span> <span class='ocrx_word' id='word_1_209' title='bbox 2236 2371 2455 2433; x_wconf 88' lang='lat' dir='ltr'><strong>tamen</strong></span> <span class='ocrx_word' id='word_1_210' title='bbox 2498 2371 2716 2435; x_wconf 87' lang='lat' dir='ltr'><strong>itineri</strong></span> 
     </span>
     <span class='ocr_line' id='line_1_27' title="bbox 359 2455 2797 2544; baseline 0.001 -22"><span class='ocrx_word' id='word_1_211' title='bbox 359 2459 616 2544; x_wconf 86' lang='lat' dir='ltr'><strong>singula</strong></span> <span class='ocrx_word' id='word_1_212' title='bbox 659 2458 841 2522; x_wconf 78' lang='lat' dir='ltr'><strong>milia</strong></span> <span class='ocrx_word' id='word_1_213' title='bbox 884 2479 964 2520; x_wconf 86' lang='lat' dir='ltr'><strong>ex</strong></span> <span class='ocrx_word' id='word_1_214' title='bbox 999 2456 1208 2520; x_wconf 90' lang='lat' dir='ltr'><strong>tribus</strong></span> <span class='ocrx_word' id='word_1_215' title='bbox 1245 2455 1611 2540; x_wconf 88' lang='lat' dir='ltr'><strong>legionibus</strong></span> <span class='ocrx_word' id='word_1_216' title='bbox 1653 2459 1718 2520; x_wconf 89' lang='lat' dir='ltr'><strong>et</strong></span> <span class='ocrx_word' id='word_1_217' title='bbox 1756 2455 1987 2520; x_wconf 89' lang='lat' dir='ltr'><strong>alarios</strong></span> <span class='ocrx_word' id='word_1_218' title='bbox 2026 2458 2449 2543; x_wconf 84' lang='lat' dir='ltr'><strong>octingentos,</strong></span> <span class='ocrx_word' id='word_1_219' title='bbox 2495 2481 2716 2542; x_wconf 88' lang='lat' dir='ltr'><strong>parem</strong></span> <span class='ocrx_word' id='word_1_220' title='bbox 2744 2486 2797 2525; x_wconf 84' lang='lat'><strong>20</strong></span> 
     </span>
     <span class='ocr_line' id='line_1_28' title="bbox 358 2545 1450 2611; baseline -0.004 0"><span class='ocrx_word' id='word_1_221' title='bbox 358 2569 698 2611; x_wconf 91' lang='lat' dir='ltr'><strong>numerum</strong></span> <span class='ocrx_word' id='word_1_222' title='bbox 744 2568 778 2609; x_wconf 93' lang='lat' dir='ltr'><strong>e</strong></span> <span class='ocrx_word' id='word_1_223' title='bbox 825 2545 1200 2609; x_wconf 89' lang='lat' dir='ltr'><strong>cohortibus</strong></span> <span class='ocrx_word' id='word_1_224' title='bbox 1247 2545 1450 2609; x_wconf 88' lang='lat' dir='ltr'><strong>iussit.</strong></span> 
     </span>
    </p>

    <p class='ocr_par' dir='ltr' id='par_1_4' title="bbox 358 2631 2819 2986">
     <span class='ocr_line' id='line_1_29' title="bbox 537 2631 2819 2719; baseline 0.001 -20"><span class='ocrx_word' id='word_1_225' title='bbox 537 2634 628 2699; x_wconf 89' lang='lat' dir='ltr'><strong>At</strong></span> <span class='ocrx_word' id='word_1_226' title='bbox 674 2633 1051 2717; x_wconf 87' lang='lat' dir='ltr'><strong>Vologeses,</strong></span> <span class='ocrx_word' id='word_1_227' title='bbox 1098 2632 1391 2717; x_wconf 83' lang='lat' dir='ltr'><strong>quamvis</strong></span> <span class='ocrx_word' id='word_1_228' title='bbox 1438 2632 1698 2697; x_wconf 86' lang='lat' dir='ltr'><strong>obsessa</strong></span> <span class='ocrx_word' id='word_1_229' title='bbox 1743 2655 1781 2696; x_wconf 87' lang='lat' dir='ltr'><strong>a</strong></span> <span class='ocrx_word' id='word_1_230' title='bbox 1823 2631 2023 2698; x_wconf 88' lang='lat' dir='ltr'><strong>Paeto</strong></span> <span class='ocrx_word' id='word_1_231' title='bbox 2070 2634 2301 2698; x_wconf 86' lang='lat' dir='ltr'><strong>itinera</strong></span> <span class='ocrx_word' id='word_1_232' title='bbox 2346 2633 2498 2700; x_wconf 89' lang='lat' dir='ltr'><strong>hinc</strong></span> <span class='ocrx_word' id='word_1_233' title='bbox 2542 2637 2717 2719; x_wconf 91' lang='lat' dir='ltr'><strong>pedi·</strong></span> <span class='ocrx_word' id='word_1_234' title='bbox 2741 2638 2819 2701; x_wconf 90' lang='lat'><strong>11</strong></span> 
     </span>
     <span class='ocr_line' id='line_1_30' title="bbox 358 2720 2718 2807; baseline 0.001 -21"><span class='ocrx_word' id='word_1_235' title='bbox 358 2727 502 2787; x_wconf 86' lang='lat' dir='ltr'><strong>tatu</strong></span> <span class='ocrx_word' id='word_1_236' title='bbox 556 2723 703 2787; x_wconf 93' lang='lat' dir='ltr'><strong>inde</strong></span> <span class='ocrx_word' id='word_1_237' title='bbox 759 2723 973 2806; x_wconf 86' lang='lat' dir='ltr'><strong>equite</strong></span> <span class='ocrx_word' id='word_1_238' title='bbox 1030 2723 1403 2805; x_wconf 88' lang='lat' dir='ltr'><strong>accepisset,</strong></span> <span class='ocrx_word' id='word_1_239' title='bbox 1465 2720 1633 2784; x_wconf 87' lang='lat' dir='ltr'><strong>nihil</strong></span> <span class='ocrx_word' id='word_1_240' title='bbox 1686 2725 1936 2785; x_wconf 89' lang='lat' dir='ltr'><strong>mutato</strong></span> <span class='ocrx_word' id='word_1_241' title='bbox 1991 2722 2288 2807; x_wconf 88' lang='lat' dir='ltr'><strong>consili0,</strong></span> <span class='ocrx_word' id='word_1_242' title='bbox 2353 2724 2465 2788; x_wconf 91' lang='lat' dir='ltr'><strong>sed</strong></span> <span class='ocrx_word' id='word_1_243' title='bbox 2518 2725 2585 2787; x_wconf 82' lang='lat' dir='ltr'><strong>vi</strong></span> <span class='ocrx_word' id='word_1_244' title='bbox 2645 2747 2718 2789; x_wconf 90' lang='lat' dir='ltr'><strong>ac</strong></span> 
     </span>
     <span class='ocr_line' id='line_1_31' title="bbox 359 2809 2717 2895; baseline 0 -19"><span class='ocrx_word' id='word_1_245' title='bbox 359 2812 553 2876; x_wconf 90' lang='lat' dir='ltr'><strong>minis</strong></span> <span class='ocrx_word' id='word_1_246' title='bbox 601 2811 803 2874; x_wconf 88' lang='lat' dir='ltr'><strong>alares</strong></span> <span class='ocrx_word' id='word_1_247' title='bbox 850 2811 1189 2894; x_wconf 83' lang='lat' dir='ltr'><strong>exterruit,</strong></span> <span class='ocrx_word' id='word_1_248' title='bbox 1244 2809 1633 2895; x_wconf 87' lang='lat' dir='ltr'><strong>legionarios</strong></span> <span class='ocrx_word' id='word_1_249' title='bbox 1680 2809 1975 2894; x_wconf 86' lang='lat' dir='ltr'><strong>obtrivit,</strong></span> <span class='ocrx_word' id='word_1_250' title='bbox 2025 2830 2155 2873; x_wconf 92' lang='lat' dir='ltr'><strong>uno</strong></span> <span class='ocrx_word' id='word_1_251' title='bbox 2201 2814 2456 2875; x_wconf 86' lang='lat' dir='ltr'><strong>tantum</strong></span> <span class='ocrx_word' id='word_1_252' title='bbox 2502 2817 2717 2876; x_wconf 89' lang='lat' dir='ltr'><strong>centu-</strong></span> 
     </span>
     <span class='ocr_line' id='line_1_32' title="bbox 360 2897 2716 2986; baseline 0 -22"><span class='ocrx_word' id='word_1_253' title='bbox 360 2900 541 2965; x_wconf 89' lang='lat' dir='ltr'><strong>rione</strong></span> <span class='ocrx_word' id='word_1_254' title='bbox 586 2900 921 2983; x_wconf 83' lang='lat' dir='ltr'><strong>Tarquitio</strong></span> <span class='ocrx_word' id='word_1_255' title='bbox 971 2897 1309 2963; x_wconf 86' lang='lat' dir='ltr'><strong>Crescente</strong></span> <span class='ocrx_word' id='word_1_256' title='bbox 1354 2898 1615 2981; x_wconf 89' lang='lat' dir='ltr'><strong>turrim,</strong></span> <span class='ocrx_word' id='word_1_257' title='bbox 1669 2898 1739 2961; x_wconf 89' lang='lat' dir='ltr'><strong>in</strong></span> <span class='ocrx_word' id='word_1_258' title='bbox 1792 2920 1920 2982; x_wconf 87' lang='lat' dir='ltr'><strong>qua</strong></span> <span class='ocrx_word' id='word_1_259' title='bbox 1970 2898 2363 2981; x_wconf 89' lang='lat' dir='ltr'><strong>praesidium</strong></span> <span class='ocrx_word' id='word_1_260' title='bbox 2411 2900 2716 2986; x_wconf 86' lang='lat' dir='ltr'><strong>agitabat,</strong></span> 
     </span>
    </p>
   </div>
   <div class='ocr_carea' id='block_1_3' title="bbox 362 3017 791 3026">
    <p class='ocr_par' dir='ltr' id='par_1_5' title="bbox 362 3017 791 3026">
     <span class='ocr_line' id='line_1_33' title="bbox 362 3017 791 3026; baseline 0 1774"><span class='ocrx_word' id='word_1_261' title='bbox 362 3017 791 3026; x_wconf 95' lang='lat' dir='ltr'><strong> </strong></span> 
     </span>
    </p>
   </div>
   <div class='ocr_carea' id='block_1_4' title="bbox 358 3069 2720 4473">
    <p class='ocr_par' dir='ltr' id='par_1_6' title="bbox 358 3069 2720 4473">
     <span class='ocr_line' id='line_1_34' title="bbox 539 3069 2716 3141; baseline 0 -14"><span class='ocrx_word' id='word_1_262' title='bbox 539 3073 637 3127; x_wconf 87' lang='lat' dir='ltr'><strong>lo.</strong></span> <span class='ocrx_word' id='word_1_263' title='bbox 689 3079 736 3126; x_wconf 93' lang='lat'><strong>1.</strong></span> <span class='ocrx_word' id='word_1_264' title='bbox 775 3072 939 3126; x_wconf 83' lang='lat' dir='ltr'><strong>Nach</strong></span> <span class='ocrx_word' id='word_1_265' title='bbox 975 3070 1082 3125; x_wconf 94' lang='lat' dir='ltr'><strong>Dio</strong></span> <span class='ocrx_word' id='word_1_266' title='bbox 1119 3072 1277 3124; x_wconf 85' lang='lat' dir='ltr'><strong>ward</strong></span> <span class='ocrx_word' id='word_1_267' title='bbox 1314 3072 1523 3125; x_wconf 87' lang='lat' dir='ltr'><strong>Paetus</strong></span> <span class='ocrx_word' id='word_1_268' title='bbox 1561 3070 1622 3124; x_wconf 90' lang='lat' dir='ltr'><strong>in</strong></span> <span class='ocrx_word' id='word_1_269' title='bbox 1650 3069 1912 3125; x_wconf 78' lang='grc' dir='ltr'><em>Ῥάνὸεια</em></span> <span class='ocrx_word' id='word_1_270' title='bbox 1949 3087 2041 3125; x_wconf 86' lang='lat' dir='ltr'><strong>am</strong></span> <span class='ocrx_word' id='word_1_271' title='bbox 2067 3072 2353 3141; x_wconf 81' lang='lat' dir='ltr'><strong>Arsanias,</strong></span> <span class='ocrx_word' id='word_1_272' title='bbox 2389 3072 2716 3128; x_wconf 85' lang='lat' dir='ltr'><strong>Nebenfluss</strong></span> 
     </span>
     <span class='ocr_line' id='line_1_35' title="bbox 369 3141 2719 3213; baseline 0 -15"><span class='ocrx_word' id='word_1_273' title='bbox 369 3145 468 3199; x_wconf 91' lang='lat' dir='ltr'><strong>des</strong></span> <span class='ocrx_word' id='word_1_274' title='bbox 495 3144 768 3213; x_wconf 86' lang='lat' dir='ltr'><strong>Euphrat,</strong></span> <span class='ocrx_word' id='word_1_275' title='bbox 806 3159 915 3196; x_wconf 91' lang='lat' dir='ltr'><strong>von</strong></span> <span class='ocrx_word' id='word_1_276' title='bbox 952 3142 1063 3196; x_wconf 91' lang='lat' dir='ltr'><strong>den</strong></span> <span class='ocrx_word' id='word_1_277' title='bbox 1089 3142 1367 3195; x_wconf 76' lang='lat' dir='ltr'><strong>Par-thern</strong></span> <span class='ocrx_word' id='word_1_278' title='bbox 1400 3141 1675 3211; x_wconf 83' lang='lat' dir='ltr'><strong>belagert.</strong></span> <span class='ocrx_word' id='word_1_279' title='bbox 1734 3144 1742 3212; x_wconf 88' lang='grc' dir='ltr'>Ι</span> <span class='ocrx_word' id='word_1_280' title='bbox 1803 3148 1852 3196; x_wconf 82' lang='grc'><strong>2.</strong></span> <span class='ocrx_word' id='word_1_281' title='bbox 1890 3143 2276 3213; x_wconf 70' lang='lat' dir='ltr'><strong>infrequentia.</strong></span> <span class='ocrx_word' id='word_1_282' title='bbox 2329 3144 2364 3198; x_wconf 89' lang='lat' dir='ltr'><strong>J</strong></span> <span class='ocrx_word' id='word_1_283' title='bbox 2365 3147 2497 3211; x_wconf 85' lang='lat' dir='ltr'><strong>etzt,</strong></span> <span class='ocrx_word' id='word_1_284' title='bbox 2534 3162 2618 3200; x_wconf 84' lang='lat' dir='ltr'><strong>wo</strong></span> <span class='ocrx_word' id='word_1_285' title='bbox 2658 3162 2719 3199; x_wconf 88' lang='lat' dir='ltr'><strong>er</strong></span> 
     </span>
     <span class='ocr_line' id='line_1_36' title="bbox 367 3211 2718 3283; baseline 0 -14"><span class='ocrx_word' id='word_1_286' title='bbox 367 3215 480 3269; x_wconf 89' lang='lat' dir='ltr'><strong>alle</strong></span> <span class='ocrx_word' id='word_1_287' title='bbox 516 3215 668 3283; x_wconf 86' lang='lat' dir='ltr'><strong>Trup</strong></span> <span class='ocrx_word' id='word_1_288' title='bbox 709 3229 780 3267; x_wconf 91' lang='lat' dir='ltr'><strong>en</strong></span> <span class='ocrx_word' id='word_1_289' title='bbox 815 3212 1095 3282; x_wconf 84' lang='lat' dir='ltr'><strong>vereinigt</strong></span> <span class='ocrx_word' id='word_1_290' title='bbox 1128 3211 1289 3266; x_wconf 85' lang='lat' dir='ltr'><strong>hatte</strong></span> <span class='ocrx_word' id='word_1_291' title='bbox 1303 3256 1316 3280; x_wconf 92' lang='lat'><strong>,</strong></span> <span class='ocrx_word' id='word_1_292' title='bbox 1365 3212 1639 3266; x_wconf 87' lang='lat' dir='ltr'><strong>erkannte</strong></span> <span class='ocrx_word' id='word_1_293' title='bbox 1677 3213 1776 3266; x_wconf 90' lang='lat' dir='ltr'><strong>der</strong></span> <span class='ocrx_word' id='word_1_294' title='bbox 1810 3212 1989 3267; x_wconf 88' lang='lat' dir='ltr'><strong>Feind</strong></span> <span class='ocrx_word' id='word_1_295' title='bbox 2025 3216 2141 3268; x_wconf 89' lang='lat' dir='ltr'><strong>erst</strong></span> <span class='ocrx_word' id='word_1_296' title='bbox 2174 3215 2334 3269; x_wconf 85' lang='lat' dir='ltr'><strong>recht</strong></span> <span class='ocrx_word' id='word_1_297' title='bbox 2368 3214 2490 3268; x_wconf 89' lang='lat' dir='ltr'><strong>ihre</strong></span> <span class='ocrx_word' id='word_1_298' title='bbox 2525 3232 2718 3270; x_wconf 89' lang='lat' dir='ltr'><strong>nume-</strong></span> 
     </span>
     <span class='ocr_line' id='line_1_37' title="bbox 362 3232 2720 3352; baseline 0.001 -12"><span class='ocrx_word' id='word_1_299' title='bbox 362 3286 548 3340; x_wconf 89' lang='lat' dir='ltr'><strong>rische</strong></span> <span class='ocrx_word' id='word_1_300' title='bbox 596 3232 914 3339; x_wconf 47' lang='lat' dir='ltr'><strong>Schwache.</strong></span> <span class='ocrx_word' id='word_1_301' title='bbox 975 3286 984 3352; x_wconf 80' lang='grc' dir='ltr'>Ι</span> <span class='ocrx_word' id='word_1_302' title='bbox 1044 3288 1092 3336; x_wconf 89' lang='grc'><strong>3.</strong></span> <span class='ocrx_word' id='word_1_303' title='bbox 1140 3290 1319 3338; x_wconf 75' lang='lat' dir='ltr'><strong>tractu</strong></span> <span class='ocrx_word' id='word_1_304' title='bbox 1365 3282 1476 3352; x_wconf 85' lang='lat' dir='ltr'><strong>vgl.</strong></span> <span class='ocrx_word' id='word_1_305' title='bbox 1522 3281 1628 3351; x_wconf 76' lang='grc' dir='ltr'><strong>ΚΡ.</strong></span> <span class='ocrx_word' id='word_1_306' title='bbox 1668 3288 1736 3337; x_wconf 81' lang='grc'><strong>64</strong></span> <span class='ocrx_word' id='word_1_307' title='bbox 1781 3285 2016 3339; x_wconf 77' lang='lat' dir='ltr'><strong>durante</strong></span> <span class='ocrx_word' id='word_1_308' title='bbox 2068 3292 2250 3340; x_wconf 78' lang='lat' dir='ltr'><strong>tractu</strong></span> <span class='ocrx_word' id='word_1_309' title='bbox 2303 3293 2354 3341; x_wconf 86' lang='lat' dir='ltr'><strong>et</strong></span> <span class='ocrx_word' id='word_1_310' title='bbox 2397 3287 2720 3342; x_wconf 75' lang='lat' dir='ltr'><strong>lentitudine</strong></span> 
     </span>
     <span class='ocr_line' id='line_1_38' title="bbox 359 3352 2718 3428; baseline 0 -16"><span class='ocrx_word' id='word_1_311' title='bbox 359 3359 567 3412; x_wconf 65' lang='lat' dir='ltr'><strong>monis.</strong></span> <span class='ocrx_word' id='word_1_312' title='bbox 601 3358 609 3427; x_wconf 92' lang='grc' dir='ltr'>Ι</span> <span class='ocrx_word' id='word_1_313' title='bbox 641 3357 705 3410; x_wconf 80' lang='lat' dir='ltr'><strong>in</strong></span> <span class='ocrx_word' id='word_1_314' title='bbox 745 3353 835 3407; x_wconf 85' lang='lat' dir='ltr'><strong>‘in</strong></span> <span class='ocrx_word' id='word_1_315' title='bbox 856 3352 1124 3421; x_wconf 84' lang='lat' dir='ltr'><strong>·betreff’,</strong></span> <span class='ocrx_word' id='word_1_316' title='bbox 1163 3371 1205 3406; x_wconf 89' lang='lat' dir='ltr'><strong>s.</strong></span> <span class='ocrx_word' id='word_1_317' title='bbox 1238 3360 1286 3422; x_wconf 81' lang='lat'><strong>2,</strong></span> <span class='ocrx_word' id='word_1_318' title='bbox 1315 3359 1403 3421; x_wconf 86' lang='lat'><strong>41,</strong></span> <span class='ocrx_word' id='word_1_319' title='bbox 1434 3359 1516 3406; x_wconf 84' lang='lat'><strong>13.</strong></span> <span class='ocrx_word' id='word_1_320' title='bbox 1551 3355 1560 3421; x_wconf 89' lang='grc' dir='ltr'>Ι</span> <span class='ocrx_word' id='word_1_321' title='bbox 1591 3360 1642 3408; x_wconf 79' lang='lat'><strong>4.</strong></span> <span class='ocrx_word' id='word_1_322' title='bbox 1682 3355 1791 3408; x_wconf 83' lang='lat' dir='ltr'><strong>viri</strong></span> <span class='ocrx_word' id='word_1_323' title='bbox 1823 3356 2088 3411; x_wconf 78' lang='lat' dir='ltr'><strong>militares</strong></span> <span class='ocrx_word' id='word_1_324' title='bbox 2126 3358 2389 3424; x_wconf 78' lang='lat' dir='ltr'><strong>(hommes</strong></span> <span class='ocrx_word' id='word_1_325' title='bbox 2414 3359 2479 3411; x_wconf 85' lang='lat' dir='ltr'><strong>de</strong></span> <span class='ocrx_word' id='word_1_326' title='bbox 2504 3361 2718 3428; x_wconf 69' lang='lat' dir='ltr'><strong>qaerre)</strong></span> 
     </span>
     <span class='ocr_line' id='line_1_39' title="bbox 361 3425 2715 3500; baseline 0 -18"><span class='ocrx_word' id='word_1_327' title='bbox 361 3435 414 3495; x_wconf 84' lang='lat'><strong>4,</strong></span> <span class='ocrx_word' id='word_1_328' title='bbox 443 3433 541 3495; x_wconf 79' lang='lat'><strong>423</strong></span> <span class='ocrx_word' id='word_1_329' title='bbox 561 3425 687 3479; x_wconf 83' lang='lat' dir='ltr'><strong>-Liv.</strong></span> <span class='ocrx_word' id='word_1_330' title='bbox 720 3430 805 3494; x_wconf 91' lang='lat'><strong>10,</strong></span> <span class='ocrx_word' id='word_1_331' title='bbox 834 3431 920 3493; x_wconf 79' lang='lat'><strong>24,</strong></span> <span class='ocrx_word' id='word_1_332' title='bbox 939 3430 990 3479; x_wconf 80' lang='lat'><strong>4.</strong></span> <span class='ocrx_word' id='word_1_333' title='bbox 1042 3426 1051 3495; x_wconf 85' lang='grc' dir='ltr'>Ι</span> <span class='ocrx_word' id='word_1_334' title='bbox 1103 3429 1150 3478; x_wconf 88' lang='grc'><strong>5.</strong></span> <span class='ocrx_word' id='word_1_335' title='bbox 1180 3426 1431 3492; x_wconf 67' lang='lat' dir='ltr'><strong>fla-matus</strong></span> <span class='ocrx_word' id='word_1_336' title='bbox 1458 3450 1527 3470; x_wconf 89' lang='lat'>=</span> <span class='ocrx_word' id='word_1_337' title='bbox 1555 3426 1908 3492; x_wconf 72' lang='lat' dir='ltr'><strong>confirmatus</strong></span> <span class='ocrx_word' id='word_1_338' title='bbox 1933 3425 2040 3480; x_wconf 82' lang='lat' dir='ltr'><strong>wie</strong></span> <span class='ocrx_word' id='word_1_339' title='bbox 2071 3432 2118 3495; x_wconf 92' lang='lat'><strong>1,</strong></span> <span class='ocrx_word' id='word_1_340' title='bbox 2137 3432 2169 3479; x_wconf 83' lang='lat'><strong>6</strong></span> <span class='ocrx_word' id='word_1_341' title='bbox 2195 3429 2447 3494; x_wconf 77' lang='lat' dir='ltr'><strong>firmatus</strong></span> <span class='ocrx_word' id='word_1_342' title='bbox 2472 3429 2673 3483; x_wconf 87' lang='lat' dir='ltr'><strong>animo.</strong></span> <span class='ocrx_word' id='word_1_343' title='bbox 2707 3428 2715 3500; x_wconf 86' lang='grc' dir='ltr'>Ι</span> 
     </span>
     <span class='ocr_line' id='line_1_40' title="bbox 361 3493 2720 3567; baseline 0 -13"><span class='ocrx_word' id='word_1_344' title='bbox 361 3517 431 3554; x_wconf 89' lang='lat' dir='ltr'><strong>ne</strong></span> <span class='ocrx_word' id='word_1_345' title='bbox 459 3529 526 3538; x_wconf 94' lang='grc'>-</span> <span class='ocrx_word' id='word_1_346' title='bbox 557 3498 848 3562; x_wconf 79' lang='lat' dir='ltr'><strong>videretur,</strong></span> <span class='ocrx_word' id='word_1_347' title='bbox 885 3494 996 3566; x_wconf 89' lang='lat' dir='ltr'><strong>vgl.</strong></span> <span class='ocrx_word' id='word_1_348' title='bbox 1027 3512 1095 3547; x_wconf 86' lang='lat' dir='ltr'><strong>zu</strong></span> <span class='ocrx_word' id='word_1_349' title='bbox 1125 3494 1254 3549; x_wconf 91' lang='lat' dir='ltr'><strong>dem</strong></span> <span class='ocrx_word' id='word_1_350' title='bbox 1282 3493 1594 3548; x_wconf 84' lang='lat' dir='ltr'><strong>Gedanken</strong></span> <span class='ocrx_word' id='word_1_351' title='bbox 1628 3493 1761 3550; x_wconf 88' lang='lat' dir='ltr'><strong>hist.</strong></span> <span class='ocrx_word' id='word_1_352' title='bbox 1793 3502 1841 3564; x_wconf 91' lang='lat'><strong>1,</strong></span> <span class='ocrx_word' id='word_1_353' title='bbox 1872 3501 1939 3549; x_wconf 75' lang='lat'><strong>26</strong></span> <span class='ocrx_word' id='word_1_354' title='bbox 1980 3497 2182 3565; x_wconf 81' lang='lat' dir='ltr'><strong>(Laco)</strong></span> <span class='ocrx_word' id='word_1_355' title='bbox 2221 3499 2439 3553; x_wconf 74' lang='lat' dir='ltr'><strong>emwilii</strong></span> <span class='ocrx_word' id='word_1_356' title='bbox 2472 3501 2720 3567; x_wconf 77' lang='lat' dir='ltr'><strong>quamvis</strong></span> 
     </span>
     <span class='ocr_line' id='line_1_41' title="bbox 361 3566 2718 3660; baseline 0 -36"><span class='ocrx_word' id='word_1_357' title='bbox 361 3570 577 3660; x_wconf 60' lang='lat' dir='ltr'><strong>eyreyii,</strong></span> <span class='ocrx_word' id='word_1_358' title='bbox 613 3568 759 3637; x_wconf 77' lang='lat' dir='ltr'><strong>quod</strong></span> <span class='ocrx_word' id='word_1_359' title='bbox 793 3583 910 3647; x_wconf 76' lang='lat' dir='ltr'><strong>non</strong></span> <span class='ocrx_word' id='word_1_360' title='bbox 944 3568 1059 3636; x_wconf 75' lang='lat' dir='ltr'><strong>ipse</strong></span> <span class='ocrx_word' id='word_1_361' title='bbox 1095 3567 1353 3632; x_wconf 79' lang='lat' dir='ltr'><strong>adferret,</strong></span> <span class='ocrx_word' id='word_1_362' title='bbox 1389 3566 1662 3620; x_wconf 76' lang='lat' dir='ltr'><strong>inimicus.</strong></span> <span class='ocrx_word' id='word_1_363' title='bbox 1702 3569 1723 3648; x_wconf 72' lang='lat' dir='ltr'>j</span> <span class='ocrx_word' id='word_1_364' title='bbox 1770 3571 1819 3619; x_wconf 82' lang='grc'><strong>8.</strong></span> <span class='ocrx_word' id='word_1_365' title='bbox 1860 3569 2021 3635; x_wconf 76' lang='lat' dir='ltr'><strong>quasi</strong></span> <span class='ocrx_word' id='word_1_366' title='bbox 2051 3611 2061 3621; x_wconf 92' lang='lat'><strong>.</strong></span> <span class='ocrx_word' id='word_1_367' title='bbox 2087 3612 2097 3622; x_wconf 92' lang='lat'><strong>.</strong></span> <span class='ocrx_word' id='word_1_368' title='bbox 2122 3611 2133 3621; x_wconf 92' lang='lat'><strong>.</strong></span> <span class='ocrx_word' id='word_1_369' title='bbox 2163 3575 2470 3651; x_wconf 44' lang='lat' dir='ltr'><strong>certaturus·</strong></span> <span class='ocrx_word' id='word_1_370' title='bbox 2504 3569 2577 3631; x_wconf 79' lang='grc' dir='ltr'><strong>ὡς</strong></span> <span class='ocrx_word' id='word_1_371' title='bbox 2615 3590 2718 3639; x_wconf 83' lang='grc' dir='ltr'><strong>μα-</strong></span> 
     </span>
     <span class='ocr_line' id='line_1_42' title="bbox 398 3637 2718 3787; baseline 0.001 -25"><span class='ocrx_word' id='word_1_372' title='bbox 398 3637 953 3779; x_wconf 47' lang='grc' dir='ltr'><strong>ᾝιέἔὲἕὲῃὲωἶῖἥ·</strong></span> <span class='ocrx_word' id='word_1_373' title='bbox 991 3638 1851 3787; x_wconf 53' lang='lat' dir='ltr'><strong>{5?⁵r.ss.;3..3.“⁰1.}⁰·.13“32.</strong></span> <span class='ocrx_word' id='word_1_374' title='bbox 1877 3638 2190 3775; x_wconf 42' lang='lat' dir='ltr'><strong>&amp;2533ss</strong></span> <span class='ocrx_word' id='word_1_375' title='bbox 2206 3638 2581 3763; x_wconf 49' lang='lat' dir='ltr'><strong>ffleffettfegr</strong></span> <span class='ocrx_word' id='word_1_376' title='bbox 2608 3656 2718 3765; x_wconf 63' lang='lat'><strong>‘32¹3</strong></span> 
     </span>
     <span class='ocr_line' id='line_1_43' title="bbox 361 3777 2718 3850; baseline 0 -16"><span class='ocrx_word' id='word_1_377' title='bbox 361 3780 648 3835; x_wconf 85' lang='lat' dir='ltr'><strong>Arsanias.</strong></span> <span class='ocrx_word' id='word_1_378' title='bbox 707 3782 716 3849; x_wconf 92' lang='grc' dir='ltr'>Ι</span> <span class='ocrx_word' id='word_1_379' title='bbox 775 3781 1011 3845; x_wconf 77' lang='lat' dir='ltr'><strong>cohorte,</strong></span> <span class='ocrx_word' id='word_1_380' title='bbox 1059 3778 1293 3844; x_wconf 88' lang='lat' dir='ltr'><strong>ebenso,</strong></span> <span class='ocrx_word' id='word_1_381' title='bbox 1339 3792 1446 3830; x_wconf 76' lang='lat' dir='ltr'><strong>me</strong></span> <span class='ocrx_word' id='word_1_382' title='bbox 1495 3777 1642 3831; x_wconf 89' lang='lat' dir='ltr'><strong>oben</strong></span> <span class='ocrx_word' id='word_1_383' title='bbox 1690 3778 1894 3845; x_wconf 61' lang='lat' dir='ltr'><strong>alam-ea,</strong></span> <span class='ocrx_word' id='word_1_384' title='bbox 1944 3794 2045 3832; x_wconf 87' lang='lat' dir='ltr'><strong>aus</strong></span> <span class='ocrx_word' id='word_1_385' title='bbox 2081 3779 2583 3850; x_wconf 85' lang='lat' dir='ltr'><strong>Bundesgenossen</strong></span> <span class='ocrx_word' id='word_1_386' title='bbox 2621 3780 2718 3835; x_wconf 90' lang='lat' dir='ltr'><strong>be-</strong></span> 
     </span>
     <span class='ocr_line' id='line_1_44' title="bbox 362 3847 2643 3923; baseline 0 -18"><span class='ocrx_word' id='word_1_387' title='bbox 362 3850 615 3905; x_wconf 88' lang='lat' dir='ltr'><strong>stehend.</strong></span> <span class='ocrx_word' id='word_1_388' title='bbox 667 3851 676 3923; x_wconf 74' lang='grc' dir='ltr'>Ι</span> <span class='ocrx_word' id='word_1_389' title='bbox 737 3857 820 3905; x_wconf 83' lang='grc'><strong>17.</strong></span> <span class='ocrx_word' id='word_1_390' title='bbox 857 3848 960 3903; x_wconf 88' lang='lat' dir='ltr'><strong>Bei</strong></span> <span class='ocrx_word' id='word_1_391' title='bbox 996 3850 1288 3904; x_wconf 67' lang='lat' dir='ltr'><strong>instantem</strong></span> <span class='ocrx_word' id='word_1_392' title='bbox 1323 3847 1401 3901; x_wconf 85' lang='lat' dir='ltr'><strong>ist</strong></span> <span class='ocrx_word' id='word_1_393' title='bbox 1435 3849 1634 3902; x_wconf 77' lang='lat' dir='ltr'><strong>hostem</strong></span> <span class='ocrx_word' id='word_1_394' title='bbox 1671 3865 1772 3902; x_wconf 88' lang='lat' dir='ltr'><strong>aus</strong></span> <span class='ocrx_word' id='word_1_395' title='bbox 1811 3848 1940 3902; x_wconf 91' lang='lat' dir='ltr'><strong>dem</strong></span> <span class='ocrx_word' id='word_1_396' title='bbox 1977 3848 2209 3920; x_wconf 87' lang='lat' dir='ltr'><strong>vorigen</strong></span> <span class='ocrx_word' id='word_1_397' title='bbox 2245 3868 2314 3904; x_wconf 86' lang='lat' dir='ltr'><strong>zu</strong></span> <span class='ocrx_word' id='word_1_398' title='bbox 2351 3856 2643 3921; x_wconf 68' lang='lat' dir='ltr'><strong>erganzen.</strong></span> 
     </span>
     <span class='ocr_line' id='line_1_45' title="bbox 541 3918 2719 3992; baseline 0.002 -17"><span class='ocrx_word' id='word_1_399' title='bbox 541 3921 639 3975; x_wconf 91' lang='lat'><strong>11.</strong></span> <span class='ocrx_word' id='word_1_400' title='bbox 698 3926 744 3975; x_wconf 93' lang='lat'><strong>1.</strong></span> <span class='ocrx_word' id='word_1_401' title='bbox 784 3921 1050 3990; x_wconf 67' lang='lat' dir='ltr'><strong>quamviS,</strong></span> <span class='ocrx_word' id='word_1_402' title='bbox 1087 3918 1180 3973; x_wconf 89' lang='lat' dir='ltr'><strong>ein</strong></span> <span class='ocrx_word' id='word_1_403' title='bbox 1215 3918 1461 3972; x_wconf 84' lang='lat' dir='ltr'><strong>Faktum</strong></span> <span class='ocrx_word' id='word_1_404' title='bbox 1495 3918 1894 3987; x_wconf 85' lang='lat' dir='ltr'><strong>bezeichnend,</strong></span> <span class='ocrx_word' id='word_1_405' title='bbox 1934 3937 1974 3975; x_wconf 81' lang='lat' dir='ltr'><strong>s,</strong></span> <span class='ocrx_word' id='word_1_406' title='bbox 2012 3938 2083 3973; x_wconf 85' lang='lat' dir='ltr'><strong>zu</strong></span> <span class='ocrx_word' id='word_1_407' title='bbox 2123 3928 2171 3991; x_wconf 94' lang='lat'><strong>1,</strong></span> <span class='ocrx_word' id='word_1_408' title='bbox 2203 3927 2287 3990; x_wconf 86' lang='lat'><strong>68,</strong></span> <span class='ocrx_word' id='word_1_409' title='bbox 2320 3928 2403 3978; x_wconf 82' lang='lat'><strong>17.</strong></span> <span class='ocrx_word' id='word_1_410' title='bbox 2468 3925 2477 3992; x_wconf 88' lang='grc' dir='ltr'>Ι</span> <span class='ocrx_word' id='word_1_411' title='bbox 2537 3929 2586 3978; x_wconf 82' lang='grc'><strong>2.</strong></span> <span class='ocrx_word' id='word_1_412' title='bbox 2623 3925 2719 3979; x_wconf 82' lang='lat' dir='ltr'><strong>sed</strong></span> 
     </span>
     <span class='ocr_line' id='line_1_46' title="bbox 362 3989 2718 4061; baseline 0 -15"><span class='ocrx_word' id='word_1_413' title='bbox 362 3992 516 4047; x_wconf 85' lang='lat' dir='ltr'><strong>steht</strong></span> <span class='ocrx_word' id='word_1_414' title='bbox 550 4009 698 4045; x_wconf 81' lang='lat' dir='ltr'><strong>zwar</strong></span> <span class='ocrx_word' id='word_1_415' title='bbox 731 3990 952 4061; x_wconf 84' lang='lat' dir='ltr'><strong>logisch</strong></span> <span class='ocrx_word' id='word_1_416' title='bbox 986 3989 1220 4058; x_wconf 85' lang='lat' dir='ltr'><strong>richtig,</strong></span> <span class='ocrx_word' id='word_1_417' title='bbox 1268 3989 1407 4043; x_wconf 87' lang='lat' dir='ltr'><strong>aber</strong></span> <span class='ocrx_word' id='word_1_418' title='bbox 1441 3989 1923 4058; x_wconf 84' lang='lat' dir='ltr'><strong>ungrammatisch</strong></span> <span class='ocrx_word' id='word_1_419' title='bbox 1937 4034 1950 4058; x_wconf 94' lang='lat'><strong>,</strong></span> <span class='ocrx_word' id='word_1_420' title='bbox 2000 3990 2149 4045; x_wconf 90' lang='lat' dir='ltr'><strong>denn</strong></span> <span class='ocrx_word' id='word_1_421' title='bbox 2192 3993 2477 4047; x_wconf 81' lang='lat' dir='ltr'><strong>entweder</strong></span> <span class='ocrx_word' id='word_1_422' title='bbox 2511 3993 2718 4047; x_wconf 70' lang='lat' dir='ltr'><strong>musste</strong></span> 
     </span>
     <span class='ocr_line' id='line_1_47' title="bbox 361 4059 2716 4134; baseline -0 -17"><span class='ocrx_word' id='word_1_423' title='bbox 361 4062 749 4133; x_wconf 83' lang='lat' dir='ltr'><strong>voraufgehen</strong></span> <span class='ocrx_word' id='word_1_424' title='bbox 776 4062 1008 4116; x_wconf 80' lang='lat' dir='ltr'><strong>mutavit</strong></span> <span class='ocrx_word' id='word_1_425' title='bbox 1035 4061 1341 4127; x_wconf 77' lang='lat' dir='ltr'><strong>consilium,</strong></span> <span class='ocrx_word' id='word_1_426' title='bbox 1378 4059 1514 4114; x_wconf 89' lang='lat' dir='ltr'><strong>oder</strong></span> <span class='ocrx_word' id='word_1_427' title='bbox 1543 4076 1604 4113; x_wconf 89' lang='lat' dir='ltr'><strong>es</strong></span> <span class='ocrx_word' id='word_1_428' title='bbox 1629 4060 1835 4114; x_wconf 73' lang='lat' dir='ltr'><strong>mtisste</strong></span> <span class='ocrx_word' id='word_1_429' title='bbox 1864 4079 1932 4115; x_wconf 92' lang='lat' dir='ltr'><strong>zu</strong></span> <span class='ocrx_word' id='word_1_430' title='bbox 1957 4063 2017 4116; x_wconf 82' lang='lat' dir='ltr'><strong>vi</strong></span> <span class='ocrx_word' id='word_1_431' title='bbox 2043 4080 2109 4117; x_wconf 84' lang='lat' dir='ltr'><strong>ae</strong></span> <span class='ocrx_word' id='word_1_432' title='bbox 2134 4064 2302 4118; x_wconf 78' lang='lat' dir='ltr'><strong>minis</strong></span> <span class='ocrx_word' id='word_1_433' title='bbox 2330 4062 2423 4117; x_wconf 88' lang='lat' dir='ltr'><strong>ein</strong></span> <span class='ocrx_word' id='word_1_434' title='bbox 2450 4062 2716 4134; x_wconf 80' lang='lat' dir='ltr'><strong>Particip,</strong></span> 
     </span>
     <span class='ocr_line' id='line_1_48' title="bbox 360 4130 2717 4203; baseline -0 -14"><span class='ocrx_word' id='word_1_435' title='bbox 360 4136 508 4189; x_wconf 81' lang='lat' dir='ltr'><strong>etwa</strong></span> <span class='ocrx_word' id='word_1_436' title='bbox 550 4150 712 4199; x_wconf 75' lang='lat' dir='ltr'><strong>usus,</strong></span> <span class='ocrx_word' id='word_1_437' title='bbox 756 4131 1062 4201; x_wconf 71' lang='lat' dir='ltr'><strong>hinzugefti</strong></span> <span class='ocrx_word' id='word_1_438' title='bbox 1177 4130 1313 4185; x_wconf 88' lang='lat' dir='ltr'><strong>sein.</strong></span> <span class='ocrx_word' id='word_1_439' title='bbox 1380 4130 1688 4185; x_wconf 83' lang='lat' dir='ltr'><strong>Verwandt</strong></span> <span class='ocrx_word' id='word_1_440' title='bbox 1733 4131 1914 4185; x_wconf 87' lang='lat' dir='ltr'><strong>damit</strong></span> <span class='ocrx_word' id='word_1_441' title='bbox 1956 4131 2034 4186; x_wconf 88' lang='lat' dir='ltr'><strong>ist</strong></span> <span class='ocrx_word' id='word_1_442' title='bbox 2075 4132 2168 4188; x_wconf 81' lang='lat' dir='ltr'><strong>die</strong></span> <span class='ocrx_word' id='word_1_443' title='bbox 2203 4133 2717 4203; x_wconf 84' lang='lat' dir='ltr'><strong>ungrammatische</strong></span> 
     </span>
     <span class='ocr_line' id='line_1_49' title="bbox 358 4200 2717 4273; baseline -0 -14"><span class='ocrx_word' id='word_1_444' title='bbox 358 4205 640 4259; x_wconf 85' lang='lat' dir='ltr'><strong>Parataxe</strong></span> <span class='ocrx_word' id='word_1_445' title='bbox 678 4204 856 4257; x_wconf 89' lang='lat' dir='ltr'><strong>durch</strong></span> <span class='ocrx_word' id='word_1_446' title='bbox 891 4210 958 4269; x_wconf 86' lang='lat' dir='ltr'><strong>et,</strong></span> <span class='ocrx_word' id='word_1_447' title='bbox 996 4220 1037 4257; x_wconf 87' lang='lat' dir='ltr'><strong>s.</strong></span> <span class='ocrx_word' id='word_1_448' title='bbox 1125 4200 1222 4255; x_wconf 91' lang='lat' dir='ltr'><strong>inl.</strong></span> <span class='ocrx_word' id='word_1_449' title='bbox 1261 4207 1292 4266; x_wconf 64' lang='grc' dir='ltr'>ἓ</span> <span class='ocrx_word' id='word_1_450' title='bbox 1324 4206 1427 4255; x_wconf 82' lang='lat'><strong>120</strong></span> <span class='ocrx_word' id='word_1_451' title='bbox 1445 4245 1458 4270; x_wconf 93' lang='lat'><strong>,</strong></span> <span class='ocrx_word' id='word_1_452' title='bbox 1486 4201 1540 4254; x_wconf 88' lang='lat' dir='ltr'><strong>b.</strong></span> <span class='ocrx_word' id='word_1_453' title='bbox 1604 4203 1612 4272; x_wconf 84' lang='grc' dir='ltr'>Ι</span> <span class='ocrx_word' id='word_1_454' title='bbox 1672 4207 1721 4256; x_wconf 88' lang='grc'><strong>3.</strong></span> <span class='ocrx_word' id='word_1_455' title='bbox 1760 4201 2077 4258; x_wconf 87' lang='lat' dir='ltr'><strong>Chiastisch</strong></span> <span class='ocrx_word' id='word_1_456' title='bbox 2111 4205 2314 4273; x_wconf 61' lang='lat' dir='ltr'><strong>gehert</strong></span> <span class='ocrx_word' id='word_1_457' title='bbox 2348 4206 2613 4259; x_wconf 74' lang='lat' dir='ltr'><strong>exterruit</strong></span> <span class='ocrx_word' id='word_1_458' title='bbox 2650 4223 2717 4259; x_wconf 84' lang='lat' dir='ltr'><strong>zu</strong></span> 
     </span>
     <span class='ocr_line' id='line_1_50' title="bbox 358 4272 2715 4344; baseline -0 -14"><span class='ocrx_word' id='word_1_459' title='bbox 358 4277 546 4343; x_wconf 70' lang='lat' dir='ltr'><strong>mini-3,</strong></span> <span class='ocrx_word' id='word_1_460' title='bbox 583 4275 804 4330; x_wconf 81' lang='lat' dir='ltr'><strong>obtrivit</strong></span> <span class='ocrx_word' id='word_1_461' title='bbox 841 4290 908 4326; x_wconf 92' lang='lat' dir='ltr'><strong>zu</strong></span> <span class='ocrx_word' id='word_1_462' title='bbox 935 4274 1006 4329; x_wconf 80' lang='lat' dir='ltr'><strong>vi.</strong></span> <span class='ocrx_word' id='word_1_463' title='bbox 1073 4274 1295 4327; x_wconf 79' lang='lat' dir='ltr'><strong>obtrivit</strong></span> <span class='ocrx_word' id='word_1_464' title='bbox 1333 4272 1699 4339; x_wconf 75' lang='lat' dir='ltr'><strong>‘zermalmte,</strong></span> <span class='ocrx_word' id='word_1_465' title='bbox 1735 4272 1857 4326; x_wconf 86' lang='lat' dir='ltr'><strong>rieb</strong></span> <span class='ocrx_word' id='word_1_466' title='bbox 1887 4274 1991 4327; x_wconf 89' lang='lat' dir='ltr'><strong>auf</strong></span> <span class='ocrx_word' id='word_1_467' title='bbox 1999 4276 2014 4301; x_wconf 91' lang='lat'>’</span> <span class='ocrx_word' id='word_1_468' title='bbox 2053 4274 2160 4328; x_wconf 84' lang='lat' dir='ltr'><strong>wie</strong></span> <span class='ocrx_word' id='word_1_469' title='bbox 2191 4280 2275 4344; x_wconf 84' lang='lat'><strong>16,</strong></span> <span class='ocrx_word' id='word_1_470' title='bbox 2306 4281 2355 4342; x_wconf 85' lang='lat'><strong>5,</strong></span> <span class='ocrx_word' id='word_1_471' title='bbox 2393 4274 2522 4329; x_wconf 90' lang='lat' dir='ltr'><strong>hist.</strong></span> <span class='ocrx_word' id='word_1_472' title='bbox 2553 4281 2603 4343; x_wconf 85' lang='lat'><strong>4,</strong></span> <span class='ocrx_word' id='word_1_473' title='bbox 2632 4281 2715 4344; x_wconf 82' lang='grc'><strong>76,</strong></span> 
     </span>
     <span class='ocr_line' id='line_1_51' title="bbox 361 4341 2719 4417; baseline 0 -17"><span class='ocrx_word' id='word_1_474' title='bbox 361 4346 495 4417; x_wconf 79' lang='lat' dir='ltr'><strong>Agr.</strong></span> <span class='ocrx_word' id='word_1_475' title='bbox 536 4352 632 4415; x_wconf 91' lang='lat'><strong>18,</strong></span> <span class='ocrx_word' id='word_1_476' title='bbox 675 4344 823 4399; x_wconf 85' lang='lat' dir='ltr'><strong>nach</strong></span> <span class='ocrx_word' id='word_1_477' title='bbox 865 4344 994 4398; x_wconf 88' lang='lat' dir='ltr'><strong>dem</strong></span> <span class='ocrx_word' id='word_1_478' title='bbox 1028 4343 1329 4412; x_wconf 84' lang='lat' dir='ltr'><strong>Vorgange</strong></span> <span class='ocrx_word' id='word_1_479' title='bbox 1377 4341 1476 4396; x_wconf 87' lang='lat' dir='ltr'><strong>des</strong></span> <span class='ocrx_word' id='word_1_480' title='bbox 1512 4341 1631 4397; x_wconf 88' lang='lat' dir='ltr'><strong>Liv.</strong></span> <span class='ocrx_word' id='word_1_481' title='bbox 1671 4349 1765 4409; x_wconf 85' lang='lat'><strong>30,</strong></span> <span class='ocrx_word' id='word_1_482' title='bbox 1796 4350 1853 4412; x_wconf 83' lang='lat'><strong>5,</strong></span> <span class='ocrx_word' id='word_1_483' title='bbox 1896 4350 1963 4398; x_wconf 87' lang='lat'><strong>10</strong></span> <span class='ocrx_word' id='word_1_484' title='bbox 2008 4346 2072 4399; x_wconf 80' lang='lat' dir='ltr'><strong>in</strong></span> <span class='ocrx_word' id='word_1_485' title='bbox 2116 4347 2390 4416; x_wconf 75' lang='lat' dir='ltr'><strong>anqustiis</strong></span> <span class='ocrx_word' id='word_1_486' title='bbox 2426 4352 2719 4413; x_wconf 76' lang='lat' dir='ltr'><strong>portarum</strong></span> 
     </span>
     <span class='ocr_line' id='line_1_52' title="bbox 364 4417 730 4473; baseline 0 -2"><span class='ocrx_word' id='word_1_487' title='bbox 364 4417 552 4473; x_wconf 76' lang='lat' dir='ltr'><strong>obtriti</strong></span> <span class='ocrx_word' id='word_1_488' title='bbox 584 4423 730 4471; x_wconf 77' lang='lat' dir='ltr'><strong>sunt.</strong></span> 
     </span>
    </p>
   </div>
   <div class='ocr_carea' id='block_1_5' title="bbox 3066 3035 3075 4277">
    <p class='ocr_par' dir='ltr' id='par_1_7' title="bbox 3066 3035 3075 4277">
     <span class='ocr_line' id='line_1_53' title="bbox 3066 3035 3075 4277; baseline 0 0"><span class='ocrx_word' id='word_1_489' title='bbox 3066 3035 3075 4277; x_wconf 95' lang='lat' dir='ltr'><strong> </strong></span> 
     </span>
    </p>
   </div>
  </div>
 </body>
</html>
