3075 4800
1051 243 1272 297 LIBER
1305 243 1423 296 XII.
1480 242 1633 297 CAP.
1674 248 1900 296 38-41.
2567 240 2651 305 57

306 412 523 472 tacum
568 406 949 489 praecipuus
997 405 1264 470 scientia
1307 404 1400 469 rei
1445 404 1745 469 militaris
1790 404 2137 487 Venutius,
2191 426 2226 467 e
2271 403 2655 489 Brigantum

306 496 595 579 civitate,
649 498 723 558 ut
780 516 974 577 supra
1025 494 1403 577 memoravi,
1459 493 1754 576 fidusque
1809 493 1920 556 diu
1975 496 2040 556 et
2093 492 2403 556 Romanis
2460 493 2654 556 armis
2676 524 2730 562 ω

305 584 620 667 defensus,
664 604 809 647 cum
850 581 1370 646 Cartimanduam
1407 582 1698 667 reginam
1735 581 2147 645 matrimonio
2184 585 2457 665 teneret3
2501 603 2655 644 mox

308 676 451 737 orto
509 672 778 736 discidio
836 675 902 735 et
959 671 1180 735 statim
1232 670 1407 733 bello
1464 670 1659 733 etiam
1716 670 2019 733 adversus
2072 691 2192 733 nos
2246 669 2511 733 hostilia
2564 670 2655 733 in-

307 761 547 824 duerat.
641 760 753 824 sed
810 760 1023 843 primo
1077 762 1331 823 tantum
1389 759 1562 822 inter
1614 758 1791 841 ipsos
1838 758 2228 841 certabatur,
2282 758 2655 842 callidisque

308 848 764 914 Cartimandua
819 848 1066 912 artibus
1112 847 1377 910 fratrem
1424 869 1498 911 ac
1542 848 1942 930 propinquos
1988 846 2255 910 Venutii
2302 846 2656 928 intercepit.

307 938 454 1002 inde
510 937 760 1002 accensi
803 936 1053 1020 hostes,
1101 935 1473 999 stimulante
1519 935 1894 1022 ignominia,
1936 957 2018 999 ne
2064 935 2340 998 feminae
2387 935 2655 1017 imperio
2680 965 2730 1003 ιτ»

307 1027 758 1108 subderentur,
810 1024 1023 1088 valida
1079 1027 1145 1087 et
1189 1023 1356 1088 lecta
1402 1025 1596 1088 armis
1642 1024 1940 1088 iuventus
1987 1045 2257 1110 regnum
2303 1023 2439 1086 eius
2487 1023 2656 1086 inva-

308 1115 485 1179 dunt.
578 1113 753 1197 quod
806 1112 995 1176 nobis
1050 1113 1441 1195 praevisum,
1496 1116 1562 1176 et
1606 1113 1839 1176 missae
1886 1112 2127 1175 auxilio
2174 1111 2470 1176 cohortes
2517 1133 2659 1175 acre

305 1203 626 1285 proelium
672 1201 896 1284 fecere,
944 1201 1124 1264 cuius
1170 1200 1358 1263 initio
1407 1200 1711 1285 ambiguo
1758 1201 1907 1264 finis
1953 1201 2184 1264 laetior
2227 1201 2368 1264 fuit.
2449 1220 2658 1283 neque

308 1290 553 1373 dispari
608 1291 843 1352 eventu
897 1291 1257 1375 pugnatum
1313 1311 1351 1351 a
1404 1287 1689 1374 legione,
1743 1289 1847 1353 cui
1894 1287 2155 1353 Caesius
2199 1288 2435 1353 Nasica
2482 1310 2659 1372 prae-

311 1381 477 1463 erat3
529 1400 680 1441 nam
735 1376 993 1461 Didius,
1049 1379 1375 1441 senectute
1432 1377 1648 1462 gravis
1703 1381 1769 1441 et
1822 1377 2029 1441 multa
2083 1378 2269 1460 copia
2319 1377 2659 1460 honorum,
2679 1407 2735 1446 20

307 1489 422 1550 per
487 1467 818 1530 ministros
882 1487 1069 1551 agere
1134 1469 1200 1529 et
1264 1486 1475 1530 arcere
1538 1465 1795 1530 hostem
1859 1467 2016 1530 satis
2080 1465 2376 1529 habebat.
2483 1464 2659 1547 haec,

308 1578 696 1640 quamquam
753 1577 791 1618 a
844 1555 1095 1619 duobus
1148 1576 1267 1638 pro
1322 1555 1730 1638 praetoribus
1785 1555 2002 1639 plures
2046 1577 2164 1638 per
2209 1576 2410 1618 annos
2458 1558 2659 1639 gesta,

308 1645 637 1728 coniunxi,
689 1666 771 1708 ne
826 1643 1031 1707 divisa
1082 1642 1255 1706 haud
1308 1643 1577 1726 perinde
1633 1644 1713 1706 ad
1767 1644 2144 1708 memoriam
2203 1643 2303 1707 sui
2347 1642 2660 1706 valerent:

312 1733 391 1796 ad
436 1737 802 1816 temporum
851 1732 1139 1796 ordinem
1186 1732 1393 1795 rede0.

486 1821 580 1885 Ti.
648 1819 913 1884 Claudio
988 1821 1285 1902 quintum
1353 1819 1578 1884 Servio
1650 1818 1948 1884 Cornelio
2016 1819 2222 1884 Orfito
2290 1819 2661 1885 consulibus
2680 1823 2767 1886 41

307 1910 514 1974 virilis
587 1913 743 1993 toga
803 1907 1050 1972 Neroni
1112 1912 1458 1991 maturata,
1528 1930 1657 1991 quo
1725 1909 2146 1992 capessendae
2210 1908 2303 1972 rei
2368 1907 2663 1991 publicae

309 1998 548 2061 habilis
593 1996 935 2059 videretur.
1017 1999 1082 2059 et
1122 1994 1352 2059 Caesar
1398 1996 1876 2061 adulationibus
1915 2001 2173 2061 senatus
2209 1997 2417 2060 libens
2455 1996 2664 2078 cessit,

312 2089 389 2149 ut
429 2084 780 2148 vicensimo
818 2083 1045 2147 aetatis
1084 2105 1250 2147 anno
1290 2083 1697 2148 consulatum
1733 2084 1908 2149 Nero
1947 2085 2140 2147 iniret
2177 2088 2369 2168 atque
2406 2083 2665 2148 interim

311 2274 554 2344 Subjekt
587 2291 674 2329 res
709 2292 778 2329 zu
815 2278 1093 2343 erganzen
1128 2274 1220 2328 ist.
1282 2276 1291 2345 Ι
1361 2279 1444 2329 10.
1482 2281 1547 2331 ut
1582 2292 1757 2344 supra
1794 2277 1893 2329 ott.
1969 2275 2135 2329 Diese
2173 2274 2348 2330 Stelle
2383 2274 2530 2328 muse
2570 2291 2668 2328 vor

309 2347 438 2402 dem
467 2345 820 2400 Bruchsti‘ick
855 2345 954 2400 des
992 2345 1171 2401 elften
1196 2345 1415 2401 Buches
1443 2346 1760 2416 gestanden
1795 2346 1999 2402 haben.
2035 2349 2043 2418 Ι
2078 2352 2161 2402 12.
2199 2347 2447 2402 discidia
2501 2344 2666 2400 Nach

311 2419 495 2474 dieser
523 2417 847 2487 Scheidung
880 2417 1127 2472 heiratet
1162 2415 1242 2471 sie
1281 2418 1391 2471 den
1419 2418 1763 2487 Vellocatu8‚
1793 2417 2212 2490 Waffentrager
2241 2419 2338 2473 des
2366 2416 2663 2472 Venutius.

312 2489 363 2544 S.
400 2488 533 2544 hist.
565 2494 615 2557 3,
642 2493 728 2543 45.
763 2490 772 2559 Ι
802 2490 1023 2544 hostilia
1058 2490 1335 2555 induerat,
1371 2488 1479 2558 vgl.
1518 2488 1651 2544 hist.
1681 2495 1733 2557 4,
1763 2496 1831 2544 57
1867 2492 2087 2546 hostiles
2136 2492 2367 2560 spiritus
2401 2490 2665 2556 induisse,

312 2578 439 2614 ann.
473 2565 556 2627 11,
588 2566 618 2614 7
673 2560 1004 2615 Aeserninos
1057 2577 1317 2630 maynum
1381 2561 1630 2615 animum
1693 2562 1969 2629 induisse,
2035 2568 2084 2628 6,
2115 2568 2184 2615 20
2248 2562 2462 2631 qualem
2523 2560 2668 2613 diem

263 2667 269 2678 ·
316 2632 568 2686 Tiberius
620 2632 913 2698 induisset,
971 2636 1056 2698 16,
1085 2635 1154 2683 28
1191 2631 1306 2684 nisi
1332 2632 1672 2699 proditorem
1708 2639 1758 2686 et
1800 2634 1999 2687 hostem
2042 2633 2290 2686 Thrasea
2324 2631 2609 2684 induisset.
2653 2629 2661 2700 Ι

314 2707 396 2757 15.
434 2702 673 2769 feminae
712 2702 835 2754 ‘des
865 2699 1138 2767 Weibes',
1174 2699 1336 2753 nicht
1374 2701 1550 2755 ‘eines
1579 2700 1853 2770 Weibes’,
1893 2703 2044 2756 denn
2081 2701 2173 2755 die
2202 2699 2534 2754 Herrschaft
2560 2715 2671 2752 von

308 2772 532 2826 Frauen
586 2788 704 2825 war
756 2771 819 2823 in
871 2770 1203 2824 Britannien
1255 2769 1416 2824 nicht
1471 2772 1919 2839 ungewohnlich.
2003 2772 2135 2840 Agr.
2169 2776 2235 2824 16
2299 2787 2470 2839 neque
2525 2770 2671 2823 enim

313 2857 505 2899 sexum
540 2843 605 2894 in
638 2842 884 2909 imperiis
919 2842 1249 2895 discernunt.
1280 2842 1292 2919 J
1329 2847 1410 2894 16.
1451 2844 1589 2895 lecta
1625 2844 1796 2896 armis
1826 2842 2192 2911 ‘ausgesucht
2213 2840 2333 2893 'mit
2359 2838 2672 2893 Riicksicht

312 2912 419 2968 auf
468 2910 560 2964 die
614 2910 1025 2979 Bewaffnung’,
1080 2910 1185 2963 wie
1234 2910 1366 2963 hist.
1398 2916 1447 2979 3,
1478 2916 1548 2965 55
1602 2918 1680 2966 tot
1734 2914 1892 2966 milia
1947 2919 2284 2966 armatorum
2339 2912 2475 2965 lecta
2519 2911 2673 2979 equis

311 2984 569 3108 girisquel.
630 2983 678 3103 {A
706 2980 1123 3104 Β88έο138121118
1160 2982 1417 3105 igvgntilg
1448 2980 1723 3107 18ἒο181ΐ1ἑ1111-1
1754 2982 2125 3124 ,15118178116581ῑί1-1
2161 3000 2242 3108 Ζιὶ
2257 2981 2504 3065 1181111811,
2522 2998 2670 3065 ,8011-

356 3069 455 3108 8111
506 3069 592 3105 as
760 3068 844 3105 osi
895 3069 968 3106 on
1047 3068 1138 3104 um
1216 3068 1349 3106 ue
1418 3068 1448 3106 e
1643 3070 1684 3109 s.
1906 3070 2062 3107 ,uo
2135 3070 2293 3108 nois
2410 3069 2668 3108 aevisum.

312 3125 419 3194 ΚΡ.
452 3129 545 3191 63;
587 3069 786 3190 14316,
862 3121 1045 3176 Schon
1082 3121 1193 3177 Cic.
1234 3070 1312 3176 adJ
1343 3123 1460 3178 Att.
1492 3129 1542 3192 6,
1575 3129 1624 3191 9,
1654 3130 1686 3178 5
1723 3073 2047 3194 respubliqea,
2085 3142 2249 3194 quam
2276 3070 2571 3193 preerevideo
2607 3125 2673 3177 in

312 3196 538 3252 summis
566 3194 849 3263 periculis,
902 3192 1045 3247 Plin.
1086 3211 1171 3263 ep.
1205 3199 1253 3260 1,
1284 3199 1368 3262 20,
1399 3200 1465 3247 13
1522 3213 1646 3250 eum
1700 3197 1770 3250 ab
1817 3198 1932 3251 alio
1980 3198 2188 3251 dictum
2224 3204 2329 3264 cst,
2365 3197 2510 3264 quod
2555 3196 2672 3263 ipse

306 3266 589 3336 praevidit
625 3265 741 3318 und
778 3263 870 3318 die
899 3264 1251 3324 klassischen
1277 3264 1524 3320 Dichter.
1560 3268 1568 3336 Ι
1605 3272 1686 3321 18.
1726 3269 1889 3323 initio
1918 3268 2172 3338 ambiquo
2199 3265 2361 3320 nicht
2387 3265 2515 3321 Abl.
2546 3264 2667 3319 abs,

315 3336 441 3407 (wie
479 3335 613 3392 Sall.
654 3335 773 3390 Cat.
807 3341 891 3400 11,
918 3342 954 3389 4
1009 3335 1170 3390 Sulla
1216 3337 1370 3391 bonis
1424 3338 1608 3392 initiis
1651 3341 1823 3394 malos
1868 3345 2087 3393 eventus
2131 3340 2370 3408 habuit),
2428 3336 2671 3391 sondern

314 3407 441 3463 Abl.
480 3424 604 3461 com
646 3405 918 3461 arationis
954 3424 1063 3461 von
1100 3408 1295 3462 laetior
1330 3407 1636 3478 abhangig.
1711 3409 1825 3463 Der
1859 3409 2038 3478 Krieg
2075 3408 2353 3463 zwischen
2389 3406 2669 3463 Venutius

316 3479 432 3531 und
471 3478 570 3531 der
605 3426 1026 3546 Cartimandua,
1062 3478 1273 3532 welche
1311 3478 1456 3532 auch
1495 3483 1688 3548 spater
1720 3480 1868 3534 noch
1907 3497 2014 3534 von
2052 3480 2162 3533 den
2197 3480 2442 3533 Romern
2479 3487 2671 3532 unter-

239 3555 248 3564 ‘
319 3550 496 3601 sti'itzt
529 3548 709 3617 ward,
749 3549 982 3603 dauerte
1018 3547 1108 3603 bis
1154 3552 1319 3603 unter
1354 3550 1696 3619 Vespasian,
1754 3552 1954 3605 dessen
1991 3549 2261 3603 Feldherr
2297 3548 2534 3604 Cerialis
2588 3547 2670 3601 im

317 3618 366 3672 J.
399 3623 464 3670 71
516 3617 607 3672 die
643 3618 953 3688 Briganten
996 3619 1144 3674 nach
1188 3619 1449 3690 blutigen
1484 3621 1765 3689 Kampfen
1820 3620 2139 3674 unterwarf.
2210 3622 2217 3689 Ι
2287 3626 2370 3673 20.
2409 3626 2674 3674 senectute

318 3689 503 3760 yravis
539 3688 645 3742 wie
681 3688 811 3743 hist.
843 3696 893 3755 3,
922 3695 991 3743 50
1028 3697 1202 3745 aetate
1236 3692 1439 3762 yravis,
1480 3691 1627 3745 Ovid
1665 3691 1797 3746 Met.
1831 3697 1878 3759 7,
1911 3696 2013 3744 299
2050 3691 2239 3761 yravis
2272 3697 2500 3759 senecta,
2537 3690 2670 3745 Hor.

321 3760 427 3813 sat.
463 3765 509 3827 1,
541 3765 590 3827 1,
619 3764 653 3812 4
689 3762 873 3830 gravis
909 3762 1077 3816 annis
1116 3762 1303 3816 ‘unter
1340 3762 1440 3815 der
1474 3763 1614 3816 Last
1650 3761 1750 3816 der
1784 3761 1995 3816 Jahre’.
2061 3763 2070 3829 Ι
2138 3763 2312 3816 multa
2348 3763 2506 3830 copia
2541 3762 2669 3816 Abl.

321 3828 472 3898 qual.
544 3832 552 3898 Ι
621 3836 704 3884 23.
744 3832 1024 3886 coniuncti.
1099 3831 1174 3886 Es
1219 3832 1297 3886 ist
1346 3832 1438 3886 ein
1474 3832 1720 3900 Exkurs,
1758 3831 1865 3887 wie
1909 3831 2010 3885 ihn
2047 3832 2177 3887 Tac.
2216 3831 2310 3887 bei
2357 3832 2456 3888 der
2493 3832 2673 3887 schil-

322 3901 540 3970 derung
577 3901 945 3972 auswartiger
979 3901 1185 3971 Kriege
1241 3903 1388 3957 oster
1440 3903 1627 3973 giebt‚
1675 3903 1800 3958 hier
1833 3902 1924 3957 bis
1959 3903 2048 3957 ins
2086 3904 2135 3958 J.
2165 3909 2233 3958 58
2270 3904 2615 3974 fortgesetzt.
2659 3903 2667 3974 Ι

318 3989 389 4026 ne
450 3972 634 4027 divisa
695 3974 847 4027 haud
974 3974 1135 4027 rinde
1198 3976 1273 4028 ad
1334 3976 1646 4028 memoriam
1709 3976 1801 4029 sui
1848 3976 2090 4030 valerent
2145 3975 2197 4028 d.
2228 3975 2282 4030 h.
2342 3974 2522 4028 damit
2579 3974 2673 4027 die

323 4042 627 4112 Trennung
664 4041 875 4097 seinem
955 4043 1250 4097 ed‘achtnis
1287 4044 1495 4098 keinen
1522 4045 1792 4100 Abbruch
1829 4045 1984 4113 thue‚
2024 4045 2207 4099 damit
2243 4062 2301 4099 es
2339 4046 2424 4100 als
2454 4044 2673 4098 Ganzes

322 4113 454 4175 sich,
479 4112 655 4167 fester
691 4112 977 4183 einprage.

497 4182 596 4238 41.
637 4190 685 4238 3.
722 4186 924 4239 habilis
972 4184 1079 4239 mit
1116 4184 1243 4238 dem
1280 4184 1449 4239 Dativ
1487 4186 1586 4239 des
1623 4185 2063 4254 Gerundivums,
2116 4186 2224 4239 wie
2260 4185 2402 4240 Plin.
2433 4202 2485 4237 n.
2515 4182 2572 4236 11.
2603 4188 2675 4234 34

321 4261 351 4320 ς
383 4260 502 4322 149,
538 4255 802 4310 inhabilis
838 4272 967 4309 ann.
1000 4261 1050 4323 3,
1080 4260 1164 4309 43.
1198 4260 1208 4323 Ι
1239 4262 1288 4311 4.
1327 4263 1391 4312 ut
1425 4258 1715 4313 vicensimo
1742 4260 1940 4313 aetatis
1975 4274 2125 4312 anno
2152 4258 2495 4310 consulatum
2523 4253 2675 4305 Nero

323 4326 492 4382 iniret
522 4368 532 4381 .
565 4367 576 4379 .
611 4370 620 4379 .
653 4343 719 4380 ac
746 4327 1007 4396 princeps
1032 4329 1332 4381 iuventutis
1359 4324 1745 4396 appellaretur,
1786 4328 1894 4397 vgl.
1924 4327 2073 4381 Mon.
2104 4326 2238 4379 Anc.
2271 4331 2320 4391 2,
2340 4329 2409 4376 46
2443 4321 2579 4402 G3et
2604 4322 2673 4374 L.

323 4396 577 4452 Caesaris
611 4398 835 4452 honoris
870 4399 976 4452 mei
1002 4414 1198 4453 caussa
1233 4405 1456 4453 senatus
1484 4401 1826 4467 populusque
1855 4399 2143 4453 Romanus
2178 4410 2388 4447 annum
2425 4397 2678 4460 quintum
