3075 4800
367 267 453 330 92
713 265 1072 321 CORNELII
1107 265 1349 321 TACITI
1383 266 1482 320 AB
1517 265 1839 321 EXCESSU
1876 266 2031 320 DIVI
2064 266 2383 321 AUGUSTI

372 430 467 493 vis
533 428 702 492 inter
765 451 943 495 sacra
1004 451 1286 512 mensae,
1349 451 1430 494 ne
1496 434 1787 512 tempore
1850 429 2110 513 quidem
2172 430 2254 493 ad
2317 431 2731 514 complexum

303 548 354 587 10
374 539 668 581 sororum
716 517 884 603 dato,
931 522 1079 582 ante
1126 518 1347 583 oculos
1394 519 1639 582 inimici
1684 522 2027 601 properata
2065 519 2151 581 sit
2185 519 2255 582 in
2291 518 2477 581 illum
2516 542 2737 604 supre-

375 628 553 670 mum
593 604 1009 670 Claudiorum
1058 607 1454 693 sanguinem,
1500 611 1726 689 stupro
1772 607 1953 690 prius
2000 628 2195 690 quam
2241 629 2487 671 veneno
2524 609 2738 692 pollu-

373 698 529 758 tum.
631 694 1114 760 festinationem
1179 695 1628 779 exsequiarum
1693 695 1902 760 edicto
1969 693 2201 759 Caesar
2263 696 2574 781 defendit,
2640 699 2737 762 ita

374 783 727 847 maioribus
774 784 1148 848 institutum
1191 784 1501 869 referens,
1561 784 1936 847 subtrahere
1983 783 2186 847 oculis
2232 785 2462 849 acerba
2505 785 2734 851 funera

370 892 579 954 neque
615 872 1095 938 laudationibus
1133 877 1247 937 aut
1281 894 1520 956 pompa
1557 872 1856 936 detinere.
1930 876 2212 936 ceterum
2250 877 2316 937 et
2343 873 2466 936 sibi
2495 876 2736 939 amisso

303 989 354 1029 15
374 960 593 1025 fratris
640 961 882 1025 auxilio
928 961 1211 1045 reliquas
1259 983 1403 1044 spes
1449 963 1519 1025 in
1563 982 1635 1025 re
1678 960 1938 1044 publica
1984 962 2158 1046 sitas,
2204 965 2270 1025 et
2305 965 2487 1026 tanto
2525 964 2733 1049 magis

378 1049 727 1113 fovendum
783 1051 1077 1133 patribus
1131 1050 1503 1134 populoque
1557 1050 1942 1134 principem,
1988 1050 2101 1133 qui
2159 1072 2325 1114 unus
2374 1056 2739 1134 superesset

379 1160 414 1202 e
459 1137 709 1202 familia
755 1161 1078 1203 summum
1124 1140 1206 1203 ad
1251 1138 1588 1225 fastigium
1634 1139 1870 1224 genita.

275 1229 356 1292 18
558 1226 732 1291 Exin
784 1227 1129 1313 largitione
1183 1228 1559 1311 potissimos
1606 1227 1960 1291 amicorum
2005 1227 2202 1290 auxit.
2293 1248 2411 1292 nec
2457 1227 2732 1314 defuere,

380 1316 492 1398 qui
539 1321 883 1401 arguerent
927 1318 1101 1380 viros
1140 1316 1524 1403 gravitatem
1563 1316 2027 1398 adseverantes,
2074 1315 2247 1399 quod
2283 1316 2508 1380 domos
2546 1317 2738 1396 villas

379 1404 446 1467 id
491 1406 801 1488 temporis
850 1406 1035 1488 quasi
1079 1405 1382 1488 praedam
1429 1405 1814 1468 divisissent.
1908 1403 2020 1467 alii
2064 1405 2512 1469 necessitatem
2558 1406 2736 1470 adhi-

378 1492 581 1556 bitam
647 1493 990 1558 credebant
1054 1515 1092 1557 a
1154 1494 1471 1576 principe,
1537 1492 1794 1557 sceleris
1861 1492 1984 1556 sibi
2049 1493 2304 1557 conscio
2361 1498 2427 1558 et
2480 1495 2732 1558 veniam

332 1610 357 1649 5
380 1585 704 1664 sperante,
759 1582 815 1645 si
870 1582 1326 1668 largitionibus
1382 1582 1851 1646 validissimum
1898 1602 2216 1664 quemque
2263 1581 2729 1646 obstrinxisset.

379 1672 447 1732 at
492 1671 718 1733 matris
765 1671 860 1733 ira
904 1669 1085 1734 nulla
1129 1671 1571 1735 munificentia
1615 1670 1831 1753 leniri,
1878 1670 1988 1733 sed
2033 1669 2335 1753 amplecti
2382 1668 2734 1754 Octaviam,

378 1757 600 1821 crebra
657 1779 804 1822 cum
860 1759 1082 1822 amicis
1140 1764 1384 1823 secreta
1437 1759 1702 1842 habere,
1757 1780 1950 1842 super
1995 1759 2351 1844 ingenitam
2397 1761 2733 1824 avaritiam
2841 1798 2850 1806 ·

377 1846 660 1928 undique
722 1847 1026 1930 pecunias
1093 1847 1277 1930 quasi
1342 1849 1412 1912 in
1464 1848 1823 1912 subsidium
1879 1848 2256 1931 corripiens,
2320 1849 2614 1916 tribunos
2669 1853 2737 1913 et

379 1936 783 1999 centuriones
831 1937 1099 2001 comiter
1145 1937 1453 2020 excipere,
1502 1937 1767 2000 nomina
1813 1940 1879 2000 et
1924 1936 2195 2000 virtutes
2240 1936 2576 2022 nobilium,
2621 1937 2735 2021 qui

307 2053 359 2092 ιο
379 2025 575 2087 etiam
632 2028 772 2088 tum
825 2029 1227 2108 supererant,
1283 2026 1352 2089 in
1396 2026 1641 2089 honore
1695 2025 1956 2108 habere,
2014 2026 2198 2107 quasi
2244 2031 2579 2108 quaereret
2624 2025 2735 2089 du-

378 2133 517 2177 cem
584 2117 649 2177 et
711 2117 944 2197 partes.
1046 2115 1380 2200 cognitum
1446 2114 1513 2177 id
1575 2113 1850 2198 Neroni,
1914 2113 2342 2196 excubiasque
2406 2114 2736 2197 militares,

378 2223 543 2284 quae
598 2206 673 2265 ut
728 2203 990 2288 coniugi
1046 2203 1454 2286 imperatoris
1512 2202 1697 2288 olim,
1755 2206 1894 2266 tum
1941 2206 2016 2266 ut
2061 2202 2253 2266 matri
2301 2204 2736 2287 servabantur,

379 2293 444 2353 et
492 2287 843 2354 Germanos
898 2313 1105 2374 nuper
1161 2292 1432 2355 eundem
1487 2293 1559 2355 in
1613 2291 1925 2355 honorem
1981 2291 2278 2354 custodes
2335 2292 2585 2355 additos
2632 2291 2737 2354 de-

379 2377 560 2464 gredi
614 2378 808 2442 iubet.
902 2401 975 2443 ac
1029 2403 1110 2444 ne
1166 2384 1355 2444 coetu
1411 2379 1830 2444 salutantium
1886 2379 2428 2464 frequentaretur,
2480 2382 2735 2462 separat

308 2496 358 2535 15
380 2466 643 2529 (1011111111
707 2471 1107 2550 matremque
1173 2468 1479 2532 transfert
1543 2469 1613 2532 in
1677 2491 1844 2553 eam,
1910 2491 2073 2552 quae
2127 2467 2449 2532 Antoniae
2501 2468 2731 2551 fuerat,

373 2682 802 2690 .—-—-——

381 2841 428 2891 9.
478 2854 638 2892 sacra
685 2836 804 2891 ‘die
849 2835 1184 2907 Heiligkeit'
1232 2836 1340 2891 wie
1390 2843 1444 2906 1,
1483 2843 1554 2891 42
1601 2854 1761 2892 saera
1808 2838 2107 2908 leqatiouis.
2182 2838 2294 2891 Der
2329 2836 2734 2907 Tischgenosse

379 2924 498 2961 war
553 2908 761 2973 ebenso
816 2907 1217 2962 unverletzlich
1271 2907 1378 2961 wie
1435 2908 1534 2962 der
1589 2907 1949 2963 Gastfreund.
2041 2908 2169 2979 Vgl.
2227 2913 2310 2978 15,
2350 2914 2416 2962 52
2472 2911 2523 2964 si
2575 2925 2738 2964 saera

380 2995 594 3033 mensae
620 2980 784 3049 dique
811 2980 1104 3048 hospitales
1131 2980 1291 3034 caede
1309 3010 1378 3019 —
1399 2986 1831 3035 cruentarentwr.
1857 2979 1865 3051 Ι
1891 2984 1973 3033 10.
2004 2996 2265 3035 sororum.
2325 2979 2377 3035 S.
2407 2998 2478 3033 zu
2508 2985 2594 3047 12,
2613 2984 2698 3034 68.
2725 2978 2735 3051 Ι

368 3066 675 3118 properare
711 3048 989 3116 transitiV,
1029 3067 1071 3104 s.
1101 3067 1169 3103 zu
1202 3055 1287 3117 11,
1318 3055 1403 3117 37,
1433 3056 1482 3105 3.
1517 3053 1526 3119 Ι
1561 3055 1645 3104 13.
1673 3051 1986 3105 subtrahere
2013 3051 2185 3105 oculis
2211 3050 2378 3121 Verg.
2402 3050 2539 3104 Aen.
2563 3055 2612 3118 6,
2631 3054 2737 3103 465

376 3127 527 3189 teque
565 3128 789 3188 aspectu
823 3138 893 3174 ue
927 3121 1181 3175 subtrahe
1214 3127 1414 3175 uostrO.
1448 3126 1458 3189 Ι
1491 3123 1716 3176 acerbus
1751 3120 2037 3190 (‘unreif')
2078 3123 2169 3173 ‘zu
2205 3120 2379 3189 frffi’,
2425 3120 2530 3174 wie
2566 3121 2733 3190 Verg.

376 3189 515 3243 Aen.
558 3196 616 3257 6,
657 3195 761 3243 429
808 3207 917 3244 1011
965 3190 1074 3243 11011
1119 3190 1509 3261 unmfindigen
1554 3191 1807 3245 Kindern
1852 3210 1877 3245 s
1954 3193 2003 3246 t:
2052 3208 2185 3260 quos
2231 3221 2298 3231 -—
2338 3192 2565 3246 abstulit
2610 3198 2740 3246 atra

377 3261 493 3314 dies
533 3267 582 3314 et
616 3261 810 3326 funere
847 3261 1031 3316 mersit
1066 3262 1270 3316 acerbo.
1305 3260 1313 3330 Ι
1349 3267 1431 3316 17.
1470 3264 1694 3327 familia
1731 3261 1848 3317 scil.
1889 3262 1928 3316 C
1953 3261 2263 3316 audiorum.

557 3365 656 3420 18.
705 3372 753 3420 2.
784 3368 1108 3438 yravitatem
1136 3369 1514 3425 adseverantes
1544 3369 1660 3423 ‘die
1689 3369 2100 3449 Sittenstrenge
2128 3366 2208 3420 im
2235 3367 2446 3421 Munde
2472 3366 2734 3435 ffihrend,

381 3454 480 3490 zur
518 3436 703 3491 Schau
749 3438 805 3491 tr
882 3438 1032 3494 end’.
1109 3438 1181 3494 So
1229 3438 1308 3493 ist
1353 3442 1690 3495 adseveratio
1742 3441 1866 3494 ‘der
1901 3438 2104 3493 Schem
2150 3438 2250 3491 der
2286 3436 2732 3507 Gerechtigkeit’

378 3514 438 3577 2,
477 3512 571 3577 313
621 3515 679 3577 6,
719 3515 768 3563 2.
884 3525 1058 3563 eneca
1103 3511 1221 3563 und
1266 3510 1476 3564 Burrus
1524 3510 1651 3564 sind
1699 3510 1963 3581 gemeint.
2033 3513 2042 3579 Ι
2111 3514 2160 3564 3.
2197 3496 2352 3563 Uber
2386 3510 2448 3563 id
2484 3509 2738 3578 temporis

377 3597 419 3635 s.
439 3578 586 3634 Einl.
608 3585 638 3647 ξ
656 3579 740 3635 27.
810 3585 858 3636 5.
879 3582 1100 3636 validus
1131 3580 1550 3651 ‘einflussreich,
1578 3582 1944 3650 bedeutend’‚
1962 3581 2070 3636 wie
2090 3588 2140 3649 6,
2162 3586 2227 3634 31
2250 3581 2502 3636 mittendi
2517 3587 2740 3636 secretos

376 3653 603 3707 nuutios
629 3653 722 3706 val
735 3654 745 3664 '
783 3654 1005 3708 issimus
1035 3660 1226 3707 auctor
1253 3670 1306 3707 u.
1330 3669 1379 3706 a.
1405 3654 1410 3721 ἶ
1437 3659 1484 3707 6.
1516 3654 1769 3721 amplecti
1797 3654 1815 3680 ‘
1820 3669 1894 3706 an
1924 3651 2043 3706 sich
2073 3652 2272 3706 ziehen
2299 3652 2418 3706 und
2445 3652 2733 3705 schfitzen'

378 3721 462 3775 als
498 3722 1092 3793 Leidensgefahrtinsl
1126 3729 1173 3779 7.
1221 3730 1423 3778 secreta
1465 3726 1753 3793 pragnant
1798 3723 1890 3777 fiir
1939 3723 2217 3793 ‘gebeime
2253 3723 2738 3793 Unterredungen,

375 3810 430 3861 g.
477 3792 1056 3863 Zusammenkt'infte'‚
1102 3793 1209 3848 wie
1257 3793 1387 3850 hist.
1426 3800 1485 3863 4,
1522 3799 1593 3848 49
1640 3802 1835 3849 secreto
1881 3810 2066 3848 eorum
2109 3811 2265 3849 nemo
2313 3796 2501 3863 adfuit
2545 3811 2598 3848 u.
2632 3810 2679 3848 a.
2723 3792 2732 3865 Ι

379 3868 428 3916 8.
495 3865 656 3932 quasi
727 3862 1061 3918 bezeichnet
1123 3864 1285 3920 nicht
1349 3868 1495 3919 etwa
1560 3865 1670 3919 den
1736 3863 1965 3931 Schein,
2042 3866 2284 3919 sondern
2351 3866 2462 3919 den
2525 3862 2735 3929 Grund,

378 3934 490 3987 den
537 3932 618 3987 sie
662 3933 922 3988 wirklich
966 3935 1144 3990 hatte.
1218 3936 1271 3991 S.
1320 3934 1466 3991 Einl.
1516 3942 1548 4000 ξ
1587 3942 1672 3990 95.
1724 3939 1734 4005 Ι
1782 3937 2103 3991 subsidium.
2178 3936 2307 4006 Vgl.
2350 3942 2433 4003 12,
2467 3941 2496 3987 7
2532 3933 2734 4002 cupido

376 4006 509 4060 auri
534 4006 784 4059 inmensa
811 4007 1082 4061 obtentum
1108 4007 1354 4074 habebat,
1382 4008 1543 4076 quasi
1568 4008 1876 4062 subsidium
1901 4024 2068 4077 reyno
2086 4013 2403 4076 pararetur.
2431 4008 2437 4077 Ι
2463 4009 2545 4058 10.
2574 4004 2737 4058 etiam

377 4083 508 4132 tum.
582 4074 815 4130 Tacitus
853 4077 1061 4132 screibt
1099 4077 1219 4131 dies
1257 4078 1317 4130 in
1355 4077 1456 4131 der
1490 4077 1617 4131 Zeit
1650 4077 1797 4132 nach
1825 4077 2133 4146 Domitian,
2171 4076 2414 4131 welcher
2451 4074 2543 4128 die
2581 4072 2738 4154 alten

376 4145 777 4202 Geschlechter
815 4147 917 4201 der
951 4147 1240 4203 Nobilitat
1273 4148 1570 4202 furchtbar
1605 4147 1902 4203 decimiert
1936 4148 2113 4203 hatte.
2149 4160 2156 4209 ι
2193 4152 2275 4201 11.
2313 4146 2571 4202 excubiae
2608 4143 2737 4197 smd

380 4218 644 4289 standige
681 4218 937 4273 Wachen
974 4236 1075 4273 vor
1111 4218 1211 4272 der
1246 4219 1580 4289 Wohnung,
1618 4220 1886 4274 wahrend
1925 4218 2017 4273 die
2055 4219 2299 4274 custodes
2336 4234 2463 4270 zum
2498 4214 2736 4285 Gefolge

377 4289 639 4356 geheren.
692 4293 701 4359 Ι
754 4296 836 4344 12.
892 4291 1253 4345 servabautwr
1308 4317 1375 4336 =
1432 4291 1760 4361 aqebantur‚
1818 4289 1930 4361 vgl.
1979 4288 2110 4343 hist.
2152 4295 2210 4357 2,
2251 4293 2319 4342 93
2365 4304 2481 4342 non
2524 4303 2739 4342 servare

377 4361 626 4429 vifilias,
682 4359 832 4414 Curt.
883 4366 941 4425 5,
993 4365 1019 4411 1
1034 4402 1048 4427 ,
1095 4366 1164 4412 42
1218 4361 1538 4431 vigiliarum
1594 4363 1732 4415 vices
1785 4368 1912 4415 ante
1961 4360 2204 4414 cubiculi
2248 4360 2395 4427 fores
2438 4364 2671 4414 servant.
2724 4357 2733 4429 1

381 4433 465 4482 15.
484 4429 735 4483 Antonia
762 4429 840 4483 ist
866 4429 1335 4483 wahrscheinlich
1364 4430 1456 4483 die
1484 4430 1734 4485 Antonia
1760 4431 1959 4501 minor,
1988 4430 2203 4485 Mutter
2230 4431 2330 4486 des
2351 4428 2736 4496 Germanicus,
