3075 4800
443 296 569 361 118
804 296 1146 352 CORNELII
1181 297 1421 352 TACITI
1455 297 1555 352 AB
1590 297 1912 353 EXOESSU
1947 298 2104 354 DIVI
2138 296 2454 353 AUGUSTI

440 458 671 543 trabat,
709 459 863 542 quia
898 459 1068 524 idem
1101 459 1383 524 Thrasea
1417 460 1662 545 Patavi,
1699 461 1868 525 unde
1904 465 2084 525 ortus
2123 465 2278 545 erat,
2312 459 2484 525 ludis
2519 458 2807 523 vetustis

440 569 478 610 a
505 546 786 611 Troiano
813 546 1143 612 Antenore
1180 548 1497 613 institutis
1532 548 1762 612 habitu
1798 550 2046 635 tragico
2085 551 2420 614 cecinerat.
2498 547 2604 611 die·
2642 567 2805 631 quo-

441 658 593 720 que,
648 657 776 720 quo
831 639 1091 719 praetor
1133 634 1459 701 Antistius
1515 637 1598 701 ob
1653 638 1892 720 probra
1943 638 2013 701 in
2055 636 2385 703 Neronem
2437 634 2807 719 composita

360 750 413 789 10
440 724 521 788 ad
573 727 849 788 mortem
904 724 1353 809 damnabatur,
1392 725 1673 789 -mitiora
1726 726 1997 793 censuit.
2022 725 2461 810 obtinuitque3
2521 727 2587 788 et
2642 723 2804 787 dum

440 812 631 876 deum
693 812 969 877 honores
1023 812 1358 896 Poppaeae
1430 814 1886 899 decernuntur,
1960 819 2189 898 sponte
2255 815 2514 897 absens,
2583 810 2804 876 funeri

439 922 571 964 non
614 901 1010 964 interfuerat.
1104 923 1266 985 quae
1314 901 1676 967 oblitterari
1719 925 1851 966 non
1896 903 2147 968 sinebat
2197 901 2427 986 Capito
2476 899 2807 966 Cossutia-

438 1010 590 1071 nus,
638 992 896 1072 praeter
939 989 1227 1053 animum
1274 990 1354 1053 ad
1397 990 1648 1076 flagitia
1691 990 2107 1074 praecipitem
2154 991 2417 1074 iniquus
2462 988 2805 1070 Thraseae,

439 1076 612 1160 quod
649 1076 1032 1141 auctoritate
1070 1071 1207 1142 eius
1250 1078 1651 1163 concidisset,
1696 1080 1979 1143 iuvantis
2017 1077 2291 1143 Cilicum
2328 1078 2597 1161 legatos,
2643 1075 2806 1138 dum

358 1190 412 1232 15
442 1162 819 1248 Capitonem
864 1166 1363 1248 repetundarum
1408 1166 1827 1250 interrogant.

335 1255 421 1319 22
620 1252 793 1328 Quin
856 1257 921 1317 et
985 1253 1099 1316 illa
1152 1254 1544 1337 obiectabat,
1608 1254 1928 1337 principio
1983 1254 2135 1316 anni
2188 1253 2394 1317 vitare
2448 1250 2805 1314 Thraseam

442 1341 751 1406 sollemne
806 1341 907 1405 ius
962 1341 1330 1426 iurandum,
1384 1341 1972 1424 nuncupationibus
2003 1334 2326 1404 'votorum
2380 1360 2515 1402 non
2560 1338 2804 1420 adesse,

441 1430 736 1513 quamvis
792 1429 1345 1512 quindecimvirali
1400 1429 1757 1493 sacerdotio
1816 1429 2206 1512 praeditum3
2268 1448 2625 1510 numquam
2677 1446 2803 1509 pro

441 1518 649 1583 salute
694 1518 1007 1603 principis
1055 1521 1167 1581 aut
1212 1518 1473 1582 caelesti
1516 1539 1673 1582 voce
1726 1517 2190 1601 immolavisse,
2245 1516 2586 1581 adsiduum
2641 1514 2805 1578 olim

386 1633 413 1674 5
442 1610 509 1670 et
552 1606 974 1691 indefessum,
1031 1606 1143 1690 qui
1189 1605 1565 1691 vulgaribus
1623 1627 1879 1688 quoque
1924 1609 2183 1690 patrum
2229 1603 2542 1669 consultis
2598 1605 2805 1666 semet

440 1694 762 1759 fautorem
826 1698 939 1758 aut
1003 1694 1436 1759 adversarium
1502 1694 1893 1778 ostenderet,
1956 1695 2236 1758 triennio
2299 1714 2432 1757 non
2495 1691 2805 1755 introisse

442 1783 703 1866 curiam,
749 1783 1262 1867 nuperrimeque,
1308 1804 1455 1848 cum
1503 1783 1584 1845 ad
1629 1783 2011 1848 coercendos
2054 1780 2348 1847 Silanum
2394 1784 2460 1844 et
2496 1779 2804 1844 Veterem

442 1872 739 1935 certatim
785 1875 1289 1955 concurreretur,
1334 1872 1607 1955 privatis
1652 1871 1870 1954 potius
1916 1871 2250 1935 clientium
2295 1868 2575 1954 negotiis
2621 1888 2808 1931 vaca-

440 1960 634 2025 visse:
695 1960 1117 2024 secessionem
1163 1960 1292 2023 iam
1339 1960 1407 2024 id
1452 1964 1517 2024 et
1561 1963 1777 2043 partes
1823 1963 1906 2043 et,
1952 1959 2008 2023 si
2053 1959 2224 2023 idem
2270 1957 2462 2022 multi
2508 1955 2805 2039 audeant,

364 2076 416 2116 10
443 2048 686 2113 bellum
722 2070 878 2113 esse.
953 2048 1050 2112 ‘ut
1094 2049 1418 2132 quondam
1459 2047 1524 2112 G.
1567 2046 1922 2113 Gaesarem’
1971 2047 2186 2130 inquit
2222 2047 2313 2111 ‘et
2347 2046 2434 2110 M.
2474 2043 2805 2127 Catonem,

444 2137 537 2200 ita
598 2158 770 2202 nunc
832 2140 925 2220 te,
987 2135 1193 2220 Nem,
1258 2141 1323 2201 et
1379 2137 1728 2202 Thraseam
1792 2136 1981 2200 avida
2043 2135 2507 2200 discordiarum
2573 2132 2805 2197 civitas

442 2225 750 2309 loquitur.
833 2230 899 2290 et
934 2224 1133 2289 habet
1176 2229 1525 2290 sectatores
1571 2226 1676 2290 vel
1720 2226 1938 2310 potius
1977 2223 2308 2307 satelliteS,
2356 2224 2468 2307 qui
2511 2221 2806 2285 nondum

443 2315 914 2378 contumaciam
970 2314 1461 2398 sententiarum,
1525 2314 1638 2378 sed
1691 2314 1986 2378 habitum
2042 2311 2424 2395 vultumque
2480 2311 2616 2376 eius
2673 2332 2806 2375 sec-

447 2522 824 2576 ‘ansehnlich’
867 2550 934 2569 =
971 2524 1337 2592 spectabilem,
1383 2523 1488 2578 wie
1532 2539 1667 2577 man
1702 2523 1870 2578 meist
1914 2523 2020 2577 mit
2056 2521 2321 2592 Agricola
2369 2520 2644 2588 schreibt3
2690 2519 2802 2590 vgl.

443 2592 706 2647 indessen
735 2596 880 2648 auct.
911 2593 1035 2647 itin.
1066 2592 1223 2648 Alex.
1245 2600 1314 2648 40
1334 2597 1446 2663 (93)
1475 2595 1539 2649 in
1566 2613 1766 2665 aprum
1793 2596 2169 2664 eaespectabilis
2196 2596 2421 2661 formae.
2451 2594 2464 2663 1
2499 2598 2547 2647 7.
2577 2592 2803 2648 vannis

443 2664 522 2718 ist
557 2663 682 2718 eine
718 2663 1033 2734 Konjektur
1066 2681 1179 2719 von
1211 2664 1278 2719 R.
1310 2664 1552 2734 Seyffert
1588 2667 1730 2719 statt
1767 2665 1864 2719 des
1900 2663 2293 2720 handschriftl.
2332 2664 2562 2719 cetastiS.
2597 2664 2605 2734 Ι
2636 2661 2803 2715 Nach

445 2734 602 2790 einer
629 2734 793 2806 Sage,
832 2734 924 2789 die
954 2736 1099 2789 auch
1127 2735 1240 2790 Ver
1283 2734 1295 2746 “
1350 2736 1466 2790 und
1494 2735 1687 2790 Livius
1715 2736 2032 2804 erwahnen,
2062 2735 2230 2790 sollte
2256 2736 2512 2790 Antenor
2536 2733 2598 2788 in
2628 2732 2806 2787 Ober-

445 2805 651 2860 Italien
686 2805 955 2876 gelandet
991 2805 1113 2861 sein
1152 2825 1228 2860 un
1295 2807 1491 2861 Padua
1527 2806 1844 2877 gegn‘indet
1870 2807 2074 2861 haben.
2125 2807 2134 2877 Ι
2186 2811 2235 2861 9.
2274 2794 2429 2860 Uber
2463 2805 2576 2858 den
2602 2804 2807 2857 Prator

443 2876 725 2931 Antistius
756 2895 797 2931 s.
830 2883 914 2945 14,
943 2883 1031 2931 48.
1082 2881 1091 2947 Ι
1145 2882 1226 2931 10.
1266 2878 1341 2932 ad
1366 2885 1589 2933 mor-tem
1615 2879 2004 2943 damnabatwr,
2042 2894 2083 2930 S.
2115 2883 2166 2945 6,
2197 2883 2283 2945 38,
2315 2881 2381 2930 16
2410 2894 2480 2929 zu
2507 2882 2808 2931 eoetremum

444 2949 521 3001 ad
555 2949 891 3017 suppliciwm
926 2951 1236 3004 damnatus.
1297 2949 1305 3021 Ι
1368 2954 1450 3003 11.
1488 2956 1678 3018 sponte
1718 2947 2122 3002 ‘absichtlich'.
2184 2951 2193 3016 Ι
2254 2953 2336 3001 15.
2374 2947 2808 3016 repetundarum

446 3019 806 3090 interrogant,
844 3037 886 3074 a.
925 3037 994 3073 zu
1034 3025 1117 3088 13,
1151 3024 1235 3089 14,
1267 3025 1350 3073 16.

489 3177 500 3188 ⁸
623 3106 721 3162 22.
779 3114 827 3163 1.
849 3108 988 3188 ‘Der
1023 3107 1133 3160 Eid
1168 3107 1256 3189 ‚ist
1300 3108 1400 3161 der
1448 3109 1548 3189 des
1587 3107 1821 3188 Senates
1858 3108 1923 3160 in
1959 3113 2084 3161 acta
2112 3106 2462 3175 mmmm,
2510 3103 2664 3159 beim
2698 3103 2809 3158 Re-

445 3177 1458 3318 ξῗθῦἳὲξῖῗὲᾚᾱᾶὲῑὲἷῖἓὲῗθὲἓ
1480 3175 2384 3318 ἕὲξῖὲέἓξζζὲέειιῖἒέἒέἓθιῖἒὲ
2412 3173 2807 3306 ‹listeigs-231!

445 3317 733 3388 kollegien
770 3335 879 3386 pro
923 3320 1293 3375 incolumitate
1332 3320 1635 3400 principis,
1685 3319 1777 3373 die
1825 3320 1972 3373 auch
2007 3325 2041 3373 4
2058 3362 2071 3386 ,
2114 3324 2179 3372 17
2220 3317 2475 3371 erwahnt
2517 3315 2758 3370 werden.
2795 3315 2804 3387 Ι

446 3395 495 3443 3.
536 3388 642 3443 Die
679 3388 1098 3458 quindecimviri
1139 3388 1267 3443 sind
1303 3390 1397 3444 die
1434 3389 1734 3444 Bewahrer
1773 3389 1872 3444 der
1909 3388 2341 3458 sibyllinischen
2374 3387 2610 3441 Bucher.
2674 3384 2808 3456 Vgl.

446 3477 515 3513 zu
562 3465 620 3528 3,
662 3464 746 3514 64.
806 3461 815 3530 Ι
873 3466 923 3515 4.
970 3477 1107 3516 voce.
1182 3461 1344 3514 Auch
1387 3460 1482 3515 bei
1529 3460 1683 3514 Suet.
1728 3460 1859 3515 Ner.
1903 3466 1968 3513 21
2017 3460 2161 3513 wird
2212 3458 2365 3515 seine
2411 3457 2644 3512 Stimme
2695 3473 2810 3511 von

447 3530 864 3586 Schmeichlern
900 3532 1141 3587 caelestis
1174 3549 1282 3587 vox
1317 3533 1583 3602 genannt.
1636 3535 1653 3613 [
1698 3536 1743 3585 7.
1783 3518 1937 3586 Uber
1966 3530 2192 3584 Silanus
2233 3547 2274 3584 s.
2304 3529 2410 3599 ΚΡ.
2444 3536 2501 3594 ⁷3
2534 3528 2595 3584 L.
2626 3528 2807 3583 Vetus

444 3601 549 3672 ΚΡ.
583 3608 665 3655 10.
726 3604 735 3671 1
796 3607 844 3656 9.
882 3604 961 3670 id,
996 3601 1158 3656 nicht
1194 3602 1545 3669 assimiliert‚
1585 3618 1691 3656 vvie
1730 3607 1787 3670 1,
1822 3607 1891 3656 49
1926 3619 2043 3658 non
2077 3602 2410 3656 medicinam
2444 3600 2591 3655 illud
2621 3631 2687 3640 —
2715 3600 2812 3654 sed

444 3673 652 3729 cladem
687 3675 992 3743 appellans,
1030 3680 1061 3727 2
1075 3717 1088 3741 ,
1119 3679 1186 3728 38
1224 3690 1339 3728 non
1375 3676 1519 3729 enim
1548 3690 1733 3743 preces
1767 3680 1899 3727 swnt
1932 3673 2099 3740 istud,
2137 3673 2232 3727 sed
2266 3671 2611 3742 efflayitatiO,
2648 3677 2708 3737 4,
2744 3674 2809 3723 19

445 3746 606 3815 quasi
642 3746 783 3800 illud
822 3746 1130 3814 respublica
1165 3752 1313 3812 esset,
1349 3743 1481 3799 hist.
1522 3750 1580 3805 1.
1610 3749 1703 3811 49,
1741 3743 1875 3813 Agr.
1912 3749 1998 3798 43.
2068 3742 2193 3812 Vgl.
2223 3742 2396 3797 Thuc.
2443 3747 2504 3810 6,
2537 3746 2621 3810 77,
2654 3746 2683 3794 1
2722 3738 2811 3794 ὅτι

446 3816 547 3869 οὐκ
579 3811 769 3877 Ἴωνες
813 3814 948 3869 τάδε
995 3813 1150 3870 εἰσίν.
1213 3818 1222 3884 Ι
1283 3821 1365 3870 10.
1407 3815 1491 3869 Μ.
1526 3814 1783 3869 Catonem
1792 3855 1811 3881 ,
1854 3813 2103 3868 namlich
2151 3812 2496 3867 Uticensem.
2557 3813 2566 3882 Ι
2631 3817 2713 3865 12.
2762 3817 2813 3865 te

450 3930 460 3941 .
493 3927 504 3939 .
537 3927 549 3939 .
580 3886 822 3954 loquitwr
860 3885 1048 3939 ‘ffihrt
1082 3886 1162 3939 im
1197 3885 1459 3954 Munde',
1497 3885 1605 3939 wie
1641 3884 1773 3938 hist.
1816 3891 1862 3953 1,
1893 3890 1962 3938 50
1998 3889 2220 3953 captam
2255 3884 2460 3951 urbem,
2497 3883 2813 3938 vastitatem

445 3957 674 4023 Italiae,
721 3956 1050 4025 direptiones
1080 3958 1520 4026 provinciarum,
1569 3956 1926 4011 Pharsaliam
1961 3972 2027 4010 ac
2065 3955 2382 4022 Mutinam,
2432 3954 2724 4023 Philippos
2762 3958 2813 4007 et

448 4028 765 4093 Perusiam,
809 4033 943 4081 nota
979 4028 1334 4095 publicarum
1378 4027 1622 4081 cladium
1664 4027 1916 4095 nomina,
1966 4027 2350 4096 loquebamur,
2408 4031 2469 4094 4,
2515 4029 2581 4078 12
2630 4039 2813 4079 caesos

447 4099 726 4165 exercitae,
755 4103 918 4167 capta
947 4098 1220 4168 legionum
1246 4099 1475 4153 hiberna
1502 4114 1616 4152 non
1642 4104 1704 4152 ut
1730 4098 1882 4151 mala
1909 4097 2289 4166 loquebantur,
2319 4095 2432 4151 Cic.
2461 4114 2515 4164 p.
2538 4094 2656 4149 Mil.
2687 4100 2718 4159 g
2739 4098 2810 4146 63

448 4169 608 4251 multi
652 4168 815 4223 etiam
855 4167 1155 4265 Catilinam
1198 4175 1359 4265 atque
1404 4169 1507 4222 illa
1546 4174 1802 4237 portenta
1840 4168 2226 4249 loquebantwr,
2277 4165 2394 4221 Liv.
2434 4171 2493 4235 5,
2537 4172 2633 4233 54,
2672 4170 2703 4217 5
2741 4181 2813 4219 ne

448 4239 946 4388 amm,
965 4240 1514 4378 misiam?
1538 4255 1718 4363 aa
1754 4238 1835 4362 ἐξ
1854 4234 2813 4376 4235212123251231231525331335351}

450 4377 792 4500 Reizguzlgre,
828 4379 1086 4447 accipere,
1125 4380 1292 4450 leyere
1328 4396 1472 4449 ganz
1509 4378 1868 4449 gewohnlich
1893 4378 1989 4447 ist,
2027 4378 2270 4452 vg12Kp.
2305 4382 2389 4446 19,
2422 4383 2487 4430 12
2517 4376 2636 4430 und
2666 4393 2708 4430 s.
2741 4393 2814 4429 zu

490 4488 503 4514 υ
605 4490 619 4516 r
722 4491 732 4502 ·
