3075 4800
1055 234 1274 289 LIBER
1307 234 1451 289 XIII.
1508 234 1661 290 CAP.
1703 238 1929 288 21-25.
2589 234 2672 297 97

317 398 718 480 exiliumque
764 396 1120 461 accusatori
1165 397 1534 481 inrogatum
1582 399 1648 461 et
1693 395 1950 460 tabulae
1997 398 2259 459 exustae
2305 400 2481 478 sunt,
2538 397 2676 478 qui-

327 487 452 552 bus
499 486 872 549 oblitterata
917 484 1146 549 aerarii
1190 485 1455 548 nomina
1498 484 1885 549 retrahebat.

502 573 660 637 Fine
715 574 868 637 anni
923 573 1117 636 statio
1164 572 1450 636 cohortis
1497 573 1785 636 adsidere
1830 573 2000 636 ludis
2047 572 2240 636 solita
2285 571 2677 656 demovetur,
2697 573 2784 638 24

324 683 455 746 quo
505 663 714 726 maior
767 662 1009 744 species
1064 661 1383 726 libertatis
1439 658 1608 725 esset
1660 665 1727 725 et
1779 665 1854 725 ut
1909 660 2093 724 miles
2140 658 2442 724 theatrali
2487 658 2680 725 licen·

320 753 454 816 tiae
508 771 643 814 non
685 751 1044 834 permixtus
1090 750 1525 832 incorruptior
1571 753 1791 835 ageret
1836 754 1901 812 et
1943 748 2163 831 plebes
2210 749 2392 812 daret
2412 831 2416 836 .
2436 750 2679 831 experi-

322 842 643 922 mentum,
706 859 790 901 an
852 838 1086 903 amotis
1150 838 1524 903 custodibus
1588 837 1970 901 modestiam
2033 838 2353 902 retineret.
2454 837 2679 901 urbem

322 928 623 1012 princeps
677 925 980 991 lustravit
1033 949 1113 990 ex
1156 947 1465 1009 responso
1511 926 1953 1008 haruspicum,
1999 926 2174 1008 quod
2220 923 2392 989 Iovis
2440 946 2515 990 ac
2559 925 2679 989 Mi·

328 1036 563 1080 nervae
609 1014 796 1078 aedes
843 1015 921 1079 de
968 1015 1144 1079 caelo
1192 1018 1402 1078 tactae
1449 1018 1648 1078 erant.

2732 951 2759 992 5

507 1101 578 1178 Q.
617 1102 891 1167 Volusio
936 1102 1006 1167 P.
1047 1102 1345 1186 Scipione
1391 1102 1764 1167 consulibus
1812 1102 2017 1165 otium
2057 1100 2236 1185 foris,
2279 1101 2469 1166 foeda
2505 1102 2680 1166 domi
2702 1101 2785 1166 25

326 1192 618 1274 lascivia,
684 1211 812 1274 qua
873 1190 1048 1256 Nero
1114 1192 1347 1255 itinera
1409 1191 1589 1255 urbis
1653 1195 1720 1254 et
1782 1189 2117 1273 lupanaria
2171 1194 2236 1254 et
2291 1189 2682 1255 deverticula

326 1283 508 1344 veste
554 1279 771 1343 servili
816 1280 886 1343 in
929 1279 1508 1343 dissimulationem
1557 1280 1657 1342 sui
1702 1279 2099 1362 compositus
2143 1279 2530 1361 pererrabat,
2580 1299 2683 1343 co-

328 1368 712 1431 mitantibus
768 1368 880 1450 qui
932 1370 1233 1450 raperent
1286 1367 1643 1430 venditioni
1697 1367 1989 1450 exposita
2044 1370 2110 1430 et
2165 1366 2372 1430 obviis
2417 1367 2683 1430 vulnera

329 1456 658 1539 inferrent,
704 1455 1006 1519 adversus
1053 1457 1315 1541 ignaros
1356 1455 1533 1538 adeo,
1578 1459 1655 1519 ut
1690 1456 1828 1538 ipse
1865 1475 2121 1538 quoque
2159 1456 2481 1537 exciperet
2516 1455 2683 1520 ictus

328 1548 399 1608 et
449 1565 562 1608 ore
616 1544 982 1627 praeferret.
1074 1544 1301 1610 deinde
1346 1543 1459 1606 ubi
1508 1542 1842 1607 Caesarem
1890 1563 2053 1626 esse,
2109 1542 2222 1624 qui
2269 1547 2684 1628 grassaretur,

330 1634 663 1716 pernotuit
736 1632 1265 1719 augebanturque
1342 1632 1615 1694 iniuriae
1678 1631 1981 1694 adversus
2043 1631 2219 1694 viros
2286 1631 2686 1714 feminasque

331 1721 647 1805 insignes,
707 1724 773 1784 et
828 1720 1088 1804 quidam
1143 1720 1456 1803 permissa
1510 1719 1708 1782 semel
1761 1719 2022 1783 licentia
2077 1718 2197 1782 sub
2250 1720 2512 1783 nomine
2560 1718 2688 1783 Ne-

332 1810 511 1872 ronis
557 1807 751 1874 inulti
796 1809 1075 1891 propriis
1123 1829 1269 1873 cum
1316 1807 1529 1893 globis
1576 1807 1797 1870 eadem
1844 1806 2253 1890 exercebant,
2308 1808 2377 1870 in
2421 1807 2687 1870 modum

330 1897 729 1980 captivitatis
773 1918 905 1960 nox
945 1896 1282 1983 agebatur3
1327 1894 1659 1978 Iuliusque
1696 1895 2044 1960 Montanus
2083 1895 2390 1959 senatorii
2426 1896 2687 1979 ordinis,

334 1985 448 2049 sed
521 1986 633 2068 qui
695 1985 983 2049 nondum
1041 1984 1354 2048 honorem
1418 1985 1824 2068 capessisset,
1897 2004 2278 2069 congressus
2342 1983 2512 2047 forte
2572 2005 2690 2066 per

334 2073 631 2137 tenebras
678 2094 824 2137 cum
859 2073 1166 2156 principe,
1214 2073 1365 2155 quia
1401 2074 1467 2137 vi
1504 2076 1998 2155 attemptantem
2036 2073 2269 2136 acriter
2303 2072 2689 2155 reppulerat,

334 2161 564 2225 deinde
629 2162 964 2247 adgnitum
1029 2164 1349 2243 oraverat,
1416 2162 1601 2244 quasi
1666 2161 2139 2243 exprobrasset,
2204 2162 2371 2223 mori
2426 2160 2690 2224 adactus

336 2253 450 2313 est.
532 2248 707 2313 Nero
755 2252 972 2313 tamen
1007 2250 1397 2312 metuentior
1432 2250 1502 2312 in
1536 2253 1868 2332 posterum
1905 2248 2147 2312 milites
2185 2248 2309 2311 sibi
2350 2252 2415 2312 et
2449 2247 2691 2331 pleros-

336 2359 462 2421 que
510 2337 897 2424 gladiatores
933 2336 1368 2421 circumdedit,
1416 2338 1528 2421 qui
1567 2338 1852 2402 rixarum
1890 2337 2076 2401 initia
2113 2336 2367 2402 modica
2403 2339 2470 2400 et
2506 2336 2690 2420 quasi

335 2428 589 2510 privata
636 2428 942 2490 sinerent:
990 2428 1045 2490 si
1092 2449 1130 2489 a
1173 2425 1365 2490 laesis
1412 2426 1688 2490 validius
1735 2430 2049 2511 ageretur,
2097 2447 2275 2488 arma
2311 2424 2689 2489 inferebant.

338 2514 650 2580 ludicram
724 2536 979 2598 quoque
1050 2514 1378 2583 licentiam
1452 2519 1517 2578 et
1579 2514 1864 2578 fautores
1928 2514 2318 2577 histrionum
2384 2512 2561 2577 velut
2624 2514 2694 2577 in

344 2690 474 2743 dem
504 2687 740 2742 Genetiv
777 2705 818 2742 s.
859 2705 928 2740 211
957 2694 1008 2755 2,
1038 2693 1123 2755 85,
1157 2693 1202 2741 ’1.
1238 2689 1246 2759 Ι
1280 2693 1364 2742 11.
1393 2695 1616 2742 exustae
1640 2695 1786 2756 sunt,
1827 2686 2007 2740 damit
2035 2686 2116 2741 sie
2145 2703 2219 2739 an
2246 2685 2453 2740 keinen
2482 2686 2694 2739 zediert

342 2760 567 2814 werden
602 2759 871 2813 konnten.
906 2763 914 2826 1
949 2763 1031 2813 12.
1072 2759 1382 2813 oblitterata
1416 2760 1645 2812 nomina
1683 2757 1811 2812 sind
1851 2757 1934 2810 ‘in
1960 2755 2399 2827 Vergessenheit
2426 2757 2694 2826 geratene

338 2830 779 2954 {prdemngenl’i
814 2832 822 2898 Ι
853 2830 1160 2885 retrahebat
1197 2829 1249 2883 d.
1277 2829 1333 2883 h.
1364 2846 1425 2882 er
1450 2829 1641 2883 wollte
1673 2827 1753 2882 sie
1781 2827 2100 2898 einklagen,
2140 2827 2244 2881 auf
2266 2826 2694 2897 gerichtlichem

417 2917 448 2955 e
489 2916 519 2954 e
556 2917 735 2954 0111210
777 2916 862 2954 en.

449 2919 488 2971 g
522 2969 621 3026 24.
680 2977 728 3026 1.
767 2970 921 3024 Eine·
944 2969 1196 3024 Kohorte
1234 2969 1334 3023 der
1367 2969 1730 3023 Pratorianer
1764 2969 1924 3023 hatte
1962 2968 2054 3023 die
2091 2968 2331 3035 Wache,
2370 2982 2467 3021 um
2501 2966 2695 3036 Unfug

340 3060 412 3094 211
464 3041 816 3096 verhindern.
898 3040 1039 3094 Dass
1096 3039 1179 3094 sie
1232 3040 1397 3093 nicht
1441 3058 1510 3093 zu
1556 3039 1867 3094 entbehren
1909 3056 2053 3107 war,
2110 3038 2260 3108 zeigt
2304 3038 2445 3108 Kap.
2485 3044 2553 3091 25
2603 3055 2695 3090 am

343 3111 581 3166 Schlul's.
617 3113 625 3185 Ι
657 3119 708 3167 4.
746 3113 1063 3167 modestiam
1101 3110 1263 3164 ‘Sinn
1299 3110 1391 3164 ffir
1428 3110 1742 3180 Ordnung’,
1779 3129 1822 3165 s.
1861 3127 1926 3163 zu
1969 3117 2017 3176 1,
2047 3116 2097 3178 9,
2129 3115 2211 3164 19.

521 3181 619 3237 25.
680 3189 726 3237 1.
775 3183 888 3236 Der
930 3182 1106 3237 Vater
1162 3181 1344 3235 dieses
1392 3179 1454 3245 Q.
1491 3180 1761 3235 Volusius
1808 3179 2170 3248 Saturninus,
2224 3179 2331 3233 mit
2373 3178 2696 3234 Vornamen

344 3252 550 3307 Lucius
566 3297 578 3321 ,
623 3253 779 3307 reich
824 3253 943 3306 und
988 3253 1309 3321 angesehen
1322 3296 1336 3320 ,
1383 3251 1554 3305 stirbt
1596 3251 1659 3304 in
1702 3251 2028 3306 demselben
2062 3251 2097 3304 J
2099 3251 2235 3305 ahre
2292 3253 2385 3318 56)
2421 3249 2502 3303 1111
2536 3249 2698 3302 Alter

343 3340 452 3378 von
500 3329 568 3378 93
615 3324 840 3379 Jahren.
926 3323 978 3379 S.
1026 3323 1114 3376 Ka
1158 3366 1168 3376 .
1209 3328 1292 3378 30.
1340 3326 1355 3403 [
1397 3321 1488 3376 Sci
1528 3322 1585 3375 io
1631 3322 1711 3375 ist
1754 3323 1854 3377 der
1900 3321 2052 3376 Sohn
2098 3322 2198 3375 des
2244 3339 2283 3391 g
2306 3318 2696 3389 eichnamigen

344 3393 606 3462 Konsuls,
646 3395 745 3448 der
780 3395 981 3449 vorher
1015 3394 1100 3448 als
1175 3396 1309 3464 egat
1339 3410 1400 3445 111
1535 3392 1547 3403 “
1595 3410 1629 3446 a
1657 3392 1889 3463 gedient
1912 3393 2088 3447 hatte.
2154 3397 2204 3459 3,
2236 3397 2318 3446 74.
2353 3394 2361 3457 1
2393 3396 2442 3444 2.
2472 3391 2698 3445 deverti-

345 3467 472 3519 cula
498 3465 770 3534 Kneipen,
800 3467 1058 3534 popinae.
1092 3465 1101 3534 Ι
1135 3469 1183 3518 5.
1222 3464 1482 3519 adversus
1518 3463 1701 3534 hangt
1735 3480 1848 3517 von
1884 3462 2110 3517 keinem
2144 3461 2509 3515 bestimmten
2535 3461 2700 3515 Wort

347 3536 420 3589 ab
434 3580 447 3604 ,
498 3536 738 3591 sondern
786 3536 938 3589 steht
981 3534 1089 3589 frei
1124 3535 1243 3588 und
1280 3533 1635 3603 selbstandig
1672 3552 1798 3587 zum
1834 3549 2053 3603 ganzen
2090 3531 2235 3587 Sata.
2310 3530 2501 3584 Freier
2533 3532 2699 3584 fiber-

350 3609 515 3661 setzt:
557 3606 714 3660 ‘Man
751 3607 923 3660 ahnte
962 3607 1148 3660 davon
1187 3621 1247 3658 so
1284 3604 1511 3673 wenig’,
1551 3622 1591 3658 s.
1632 3622 1700 3657 211
1741 3611 1833 3672 12,
1864 3609 1959 3671 54,
1990 3609 2071 3657 16.
2166 3608 2214 3656 6.
2253 3600 2418 3654 Nach
2451 3602 2548 3655 ubi
2585 3603 2701 3653 erst

345 3676 604 3745 Perfekt,
652 3677 804 3730 dann
840 3676 1163 3746 Imperfekt,
1199 3675 1307 3729 wie
1344 3676 1492 3729 nach
1517 3682 1812 3744 postquam
1851 3680 1935 3742 12,
1966 3680 2013 3727 6.
2135 3673 2310 3726 benso
2346 3670 2441 3724 bei
2479 3671 2699 3737 Caesar,

349 3746 565 3801 Sallust
608 3748 726 3800 und
761 3747 967 3802 Livius.
1012 3748 1020 3818 Ι
1062 3752 1110 3802 8.
1157 3748 1259 3800 sub
1302 3747 1548 3812 homine,
1593 3763 1635 3800 s,
1676 3764 1745 3798 zu
1783 3751 1842 3813 2,
1872 3750 1967 3812 33,
1999 3750 2082 3798 19.
2123 3744 2131 3814 1
2175 3748 2258 3797 10.
2297 3743 2589 3812 eaptivitas
2624 3740 2702 3794 ist

349 3818 450 3871 der
476 3818 725 3872 Zustand
755 3817 910 3871 einer
936 3817 1230 3871 eroberten
1260 3816 1440 3871 Stadt.
1508 3822 1594 3885 16,
1616 3821 1683 3869 16
1711 3818 1776 3869 in
1801 3816 2115 3884 captivitate
2140 3814 2378 3879 wrbium,
2406 3811 2538 3867 hist.
2561 3817 2612 3879 3,
2632 3817 2699 3865 83

345 3889 412 3942 in
455 3890 804 3944 acerbissima
847 3890 1188 3957 captivitate,
1232 3886 1521 3941 vielleicht
1565 3887 1692 3940 eine
1727 3886 2141 3954 Nachahmung
2178 3884 2278 3937 des
2385 3882 2702 3937 'echischen

350 3958 567 4022 ἅλωσις.
603 3964 611 4027 Ι
648 3965 729 4014 11.
789 3961 886 4027 qui
937 3960 1183 4013 nondum
1235 3960 1490 4013 honorem
1535 3960 1634 4012 ctt.
1717 3957 1794 4010 Er
1837 3957 1998 4010 hatte
2047 3955 2166 4009 also
2210 3971 2318 4008 noc
2402 3953 2563 4007 nicht
2610 3953 2701 4006 die

347 4029 597 4093 Quastur
640 4029 963 4097 verwaltet,
1008 4046 1126 4082 war
1173 4029 1310 4082 aber
1345 4027 1500 4082 Sohn
1536 4027 1691 4081 eines
1731 4028 1996 4081 Senators
2035 4025 2171 4079 oder
2206 4042 2363 4094 eques
2398 4025 2646 4079 illustris,
2692 4024 2697 4094 Ι

350 4105 436 4153 13.
483 4102 705 4171 adigere
751 4117 795 4155 0.
834 4100 934 4155 inf.
983 4118 1024 4155 s.
1072 4117 1141 4152 zu
1185 4104 1237 4166 4,
1269 4104 1354 4153 29.
1397 4100 1406 4166 Ι
1445 4100 1643 4153 deinde
1692 4098 1866 4151 ‘dann
1901 4096 2166 4150 freilich'.
2210 4098 2219 4164 Ι
2262 4101 2345 4150 14.
2384 4095 2703 4149 metuentior

350 4170 437 4224 als
473 4170 841 4240 Komparativ
876 4171 1023 4224 noch
1058 4169 1154 4224 bei
1191 4167 1336 4222 Ovid
1372 4186 1417 4223 2.
1446 4169 1507 4222 Β.
1548 4171 1680 4222 met.
1724 4175 1771 4237 1,
1802 4173 1903 4222 323
1941 4167 2060 4220 111111
2094 4165 2190 4220 bei
2229 4165 2397 4220 Silius
2436 4170 2495 4233 8,
2533 4169 2654 4218 602.
2691 4164 2698 4235 l

350 4247 437 4296 17.
466 4241 574 4295 Die
602 4242 821 4296 ludicra
849 4242 1071 4296 lieentia
1102 4240 1226 4293 ‘der
1253 4238 1446 4307 Unfug
1475 4239 1574 4292 der
1591 4238 2006 4293 Pantomimen’
2038 4236 2182 4290 wird
2208 4241 2261 4303 4,
2283 4241 2350 4289 14
2376 4235 2706 4289 histrionum

349 4312 679 4367 inmodestia
726 4314 991 4382 genannt.
1025 4313 1034 4381 Ι
1067 4318 1117 4366 et
1151 4311 1396 4377 fautores
1429 4311 1760 4364 histrioniam
1797 4309 1949 4363 steht
1983 4307 2075 4360 fiir
2112 4307 2387 4360 licentiam
2419 4307 2705 4372 fautorum

352 4383 684 4437 histrionum
719 4382 849 4452 (vgl.
892 4389 918 4435 1
936 4426 949 4450 ,
981 4387 1046 4436 ’17
1086 4382 1316 4436 lascivia
1349 4382 1636 4447 fautorum
1671 4379 1790 4432 und
1824 4379 1965 4447 Kap.
1997 4383 2066 4431 28
2102 4377 2427 4431 immodestos
2460 4376 2706 4442 fautores

463 4481 570 4521 mac.
598 4479 769 4522 Annai.
797 4481 860 4522 11.
890 4481 969 4533 1l2-
2249 4469 2278 4516 7

2717 1923 2769 1962 10

2721 2362 2771 2402 15
