3075 4800
1072 242 1286 295 LIBER
1321 240 1462 295 xm.
1539 240 1692 296 CAP.
1722 246 1949 294 31—34.
2557 238 2683 304 103

328 405 531 468 donec
567 407 844 467 mortem
880 404 1116 488 obiret3
1150 424 1302 467 nam
1333 401 1516 466 Celer
1552 401 1909 486 interfecto,
1947 405 2021 465 ut
2056 402 2424 485 memoravi,
2464 401 2682 467 Silano

327 513 447 576 pro
526 491 787 556 consule
862 491 1308 578 magnitudine
1382 489 1642 555 sceleris
1716 494 1946 566 cetera,
1996 489 2248 576 flagitia
2321 490 2682 573 obtegebat.

331 579 787 644 Cossutianum
836 578 1208 663 Capitonem
1263 577 1492 643 Cilices
1547 579 1910 644 detulerant
1953 578 2355 643 maculosum
2399 578 2685 642 foedum·
2740 604 2764 644 5

333 689 457 751 que
512 671 578 731 et
631 667 801 731 idem
858 668 958 732 ius
1014 668 1314 732 audaciae
1369 667 1440 731 in
1492 668 1825 751 provincia
1879 671 2119 751 ratum,
2177 666 2349 750 quod
2402 667 2471 730 in
2525 667 2683 731 urbe

328 760 749 840 exercuerat,
777 755 890 820 sed
934 756 1253 839 pervicaci
1298 757 1705 820 accusatione
1752 756 2158 821 conflictatus
2204 758 2533 838 postremo
2582 754 2685 819 de-

326 844 687 908 fensionem
753 844 975 908 omisit
1047 866 1120 909 ac
1182 845 1325 930 lege
1389 844 1888 928 repetundarum
1952 844 2292 908 damnatus
2358 846 2478 919 est..
2563 864 2684 927 pro

324 931 532 1015 Eprio
579 931 904 1016 Marcello,
951 955 989 996 a
1035 954 1163 1015 quo
1208 932 1392 1016 Lycii
1437 954 1539 996 res
1583 933 1977 1016 repetebant,
2029 953 2104 996 eo
2151 953 2356 1015 usque
2401 931 2684 996 ambitus

331 1019 719 1104 praevaluit,
791 1025 866 1084 ut
930 1021 1190 1104 quidam
1256 1024 1698 1085 accusatorum
1775 1021 1912 1086 eius
1977 1018 2171 1085 exilio
2236 1020 2683 1105 multarentur,
2714 1047 2766 1086 ιο

325 1112 660 1192 tamquam
705 1107 949 1173 insonti
994 1109 1353 1192 periculum
1399 1108 1720 1173 fecissent.
2001 1140 2006 1145 ·

505 1195 765 1261 Nerone
816 1197 1086 1261 tertium
1140 1195 1400 1261 consule
1464 1197 1660 1262 simul
1721 1195 1871 1261 iniit
1926 1195 2330 1261 consulatum
2385 1196 2685 1261 Valerius
2706 1198 2795 1262 34

325 1283 630 1369 Messala,
695 1284 878 1349 cuius
931 1307 1273 1370 proavum,
1338 1288 1662 1349 oratorem
1719 1284 2095 1369 Corvinum,
2161 1285 2308 1349 divo
2363 1283 2686 1370 AugustO,

325 1373 533 1437 abavo
586 1371 895 1456 Neronis,
960 1373 1277 1459 collegam
1335 1372 1404 1436 in
1468 1395 1545 1437 eo
1599 1374 1987 1459 magistratu
2040 1372 2243 1439 fuisse
2301 1373 2492 1456 pauci
2555 1374 2687 1437 iam

326 1482 555 1525 senum
599 1462 1039 1525 meminerant.
1132 1461 1245 1525 sed
1297 1460 1505 1525 nobili
1559 1461 1844 1526 familiae
1889 1461 2099 1525 honor
2155 1464 2380 1526 auctus
2427 1465 2526 1526 est
2578 1462 2688 1526 ob-

325 1548 479 1613 latis
543 1549 606 1612 in
668 1549 959 1634 singulos
1015 1570 1219 1613 annos
1286 1548 1628 1634 quingenis
1685 1549 2028 1632 sestertiis,
2094 1549 2328 1633 quibus
2381 1548 2687 1613 Messalla
2742 1580 2766 1618 5

323 1640 772 1721 paupertatem
827 1637 1159 1701 innoxiam
1215 1640 1623 1701 sustentaret.
1715 1635 1983 1702 Aurelio
2036 1658 2291 1721 quoque
2339 1635 2566 1701 Cottae
2623 1641 2688 1701 et

323 1725 597 1789 Haterio
642 1724 979 1789 Antonino
1026 1747 1306 1789 annuam
1351 1725 1691 1808 pecuniam
1738 1726 1969 1789 statuit
2013 1725 2340 1809 princepS,
2392 1725 2686 1808 quamvis

327 1834 445 1897 per
488 1813 715 1877 luxum
760 1813 967 1878 avitas
1016 1835 1170 1898 opes
1217 1813 1656 1896 dissipassent.

504 1901 667 1965 Eius
706 1902 858 1966 anni
895 1901 1218 1986 principio
1256 1901 1565 1966 mollibus
1602 1901 1812 1966 adhuc
1848 1902 2054 1966 initiis
2083 1901 2479 1986 prolatatum
2517 1901 2688 1965 inter

324 1989 604 2054 Parthos
667 1989 1124 2075 Romanosque
1197 1991 1274 2054 de
1345 1990 1695 2055 obtinenda
1757 1989 2065 2055 Armenia
2135 1989 2379 2054 bellum
2453 1989 2687 2054 acriter
2715 2019 2768 2059 10

324 2078 693 2162 resumitur,
742 2081 893 2162 quia
936 2100 1055 2144 nec
1091 2079 1449 2164 Vologeses
1497 2078 1752 2143 sinebat
1785 2079 2054 2143 fratrem
2092 2077 2426 2143 Tiridaten
2467 2077 2604 2142 dati
2648 2101 2688 2143 a

325 2187 395 2230 se
431 2166 617 2252 regni
655 2171 981 2251 expertem
1024 2189 1166 2232 esse
1211 2171 1324 2232 aut
1370 2167 1614 2231 alienae
1660 2167 1728 2231 id
1773 2168 2101 2250 potentiae
2147 2168 2387 2231 donum
2432 2166 2686 2250 habere,

325 2258 391 2318 et
440 2252 723 2320 Corbulo
781 2256 1050 2340 dignum
1105 2256 1552 2340 magnitudine
1596 2255 1824 2339 populi
1869 2255 2148 2319 Romani
2192 2256 2458 2319 rebatur
2501 2258 2688 2340 parta

324 2342 485 2407 olim
523 2365 561 2408 a
596 2343 868 2409 Lucullo
904 2343 1345 2430 Pompeioque
1381 2344 1682 2428 recipere.
1757 2344 1839 2408 ad
1882 2343 2007 2409 hoc
2042 2342 2335 2409 Armenii
2382 2344 2687 2429 ambigua

322 2555 432 2610 wie
480 2574 523 2610 z.
554 2556 617 2610 B.
655 2556 751 2610 bei
787 2556 920 2609 dum
960 2559 1051 2623 14,
1092 2560 1124 2607 5
1162 2556 1539 2624 imprudentia
1585 2555 1718 2608 dum
1761 2570 1817 2608 se
1852 2555 2228 2625 Ayrippinam
2270 2571 2379 2609 esse
2421 2554 2688 2621 clamitat,

323 2626 421 2680 bei
446 2627 546 2681 ubi
575 2632 659 2695 12,
692 2632 777 2695 51,
805 2631 855 2679 4.
923 2625 994 2679 So
1023 2625 1339 2696 gebraucht
1366 2624 1477 2679 Cic.
1509 2625 1584 2677 ad
1610 2624 1743 2679 fam.
1776 2630 1826 2693 6,
1856 2630 1906 2693 8,
1939 2630 1967 2677 1
2006 2629 2072 2679 ut
2100 2641 2173 2678 an
2202 2624 2486 2679 siebenter
2512 2623 2687 2678 Stelle

323 2698 429 2752 tibi
462 2698 527 2752 im
555 2696 768 2765 Sicilia,
806 2698 988 2766 quoad
1021 2697 1292 2763 vellemus,
1327 2712 1436 2751 esse
1469 2697 1558 2750 nti
1596 2697 1776 2750 liceret
1811 2695 1928 2748 und
1963 2713 2087 2751 cum
2125 2712 2291 2765 sogar
2328 2695 2412 2749 als
2449 2697 2686 2748 neuntes

324 2768 491 2822 Wort
546 2769 617 2822 de
663 2783 776 2821 sen.
825 2774 856 2834 ξ
892 2771 960 2820 55
1022 2765 1189 2821 (7Μο
1235 2768 1312 2821 ad
1362 2768 1548 2834 focam
1600 2768 1807 2821 sedenti
1852 2797 1921 2806 -—
1966 2797 2038 2806 —
2082 2783 2205 2821 cum
2251 2767 2585 2833 attulissent,
2643 2783 2683 2819 s.

323 2838 597 2909 Draeger:
639 2838 793 2907 Synt.
832 2855 886 2891 u.
926 2836 1037 2891 Stil
1073 2838 1171 2891 des
1210 2836 1370 2890 Tac.⁸
1407 2836 1458 2892 S.
1500 2841 1585 2890 95.
1630 2837 1639 2907 Ι
1690 2842 1739 2891 5.
1778 2835 1884 2890 Die
1922 2839 2185 2907 spateren
2224 2835 2547 2890 Schicksale
2587 2836 2686 2890 des

328 2909 695 2963 Cossutianus
732 2927 774 2964 s.
815 2926 885 2961 zu
923 2913 1008 2976 11,
1038 2914 1086 2963 6.
1117 2939 1189 2948 —
1226 2906 1476 2976 Cilicien,
1513 2924 1628 2961 von
1663 2906 1963 2977 Pompeius
2001 2925 2099 2960 zur
2133 2906 2368 2961 Provinz
2404 2907 2671 2976 gemacht

327 2997 449 3034 war
483 2983 650 3034 unter
678 2977 937 3034 Tiberius
964 2976 1238 3032 teilweise
1266 2977 1373 3032 mit
1400 2977 1600 3047 Syrien
1626 2977 1833 3032 verein'
1908 3021 1921 3047 ,
1951 2977 2099 3047 jetzt
2124 2977 2334 3032 wieder
2359 2979 2638 3047 getrennt.
2671 2950 2686 3049 l

325 3052 663 3105 maculosum
687 3051 1009 3119 foedmnque
1036 3054 1276 3118 ursprfin
1318 3048 1433 3102 lich
1456 3048 1855 3119 ‘gebrandmar
1949 3049 2066 3101 und
2093 3046 2458 3102 verachtlich'
2490 3063 2688 3118 wegen

327 3121 604 3176 schnoder
621 3120 890 3190 Habgier,
921 3120 1040 3174 also
1059 3122 1206 3174 etwa
1228 3120 1246 3146 ‘
1358 3119 1746 3190 schmutzigen
1768 3118 2071 3186 Geizhals'‚
2101 3118 2209 3189 vgl.
2230 3117 2362 3173 hist.
2386 3124 2434 3186 1,
2458 3123 2488 3172 7
2501 3141 2514 3186 3
2536 3125 2586 3187 2,
2600 3125 2684 3173 30.

327 3191 410 3245 Zu
445 3193 640 3258 foedus
679 3190 1041 3246 ‘widerwarti
1083 3234 1096 3259 ‚
1134 3189 1379 3260 gemein'
1421 3209 1455 3243 v
1494 3190 1531 3244 1.
1572 3190 1719 3244 noch
1754 3188 1885 3244 hist.
1926 3197 1957 3243 2
2010 3195 2078 3242 62
2116 3191 2405 3258 epulan-um
2439 3190 2602 3256 foeda
2638 3196 2689 3244 et

324 3263 676 3332 imeaffllebilis
703 3263 888 3317 libide.
923 3262 933 3332 Ι
965 3269 1014 3315 9.
1042 3209 1248 3330 {prius
1276 3262 1468 3315 Marce
1513 3278 1581 3314 us
1609 3277 1727 3314 war
1754 3260 1838 3314 als
1866 3233 2157 3330 Anltlager
2182 3259 2317 3314 fibel
2343 3259 2684 3330 berfichtigt.

327 3332 380 3387 S.
420 3351 489 3414 zu
519 3339 623 3414 12,
660 3338 711 3387 4.
785 3331 950 3386 Scine
995 3330 1230 3386 Provinz
1276 3331 1487 3401 Lycien
1533 3348 1652 3385 war
1697 3330 1806 3385 seit
1850 3330 2119 3385 Claudius
2163 3330 2270 3384 mit
2313 3330 2687 3400 Pamphylien

324 3419 536 3458 vei-eim
605 3447 616 3458 .

505 3474 543 3529 Β
586 3509 605 3529 .
666 3480 713 3528 1.
761 3474 929 3528 simul
961 3471 1122 3527 nicht
1157 3472 1534 3543 Praposition‚
1579 3474 1821 3528 sondern
1857 3473 2097 3527 Adverb.
2137 3504 2206 3513 —
2242 3471 2503 3526 Valerius
2540 3473 2687 3527 Mes-

325 3544 471 3598 salla
486 3588 500 3614 ,
548 3547 706 3599 sonst
750 3561 859 3598 von
894 3544 1023 3599 Tac.
1063 3542 1225 3598 nicht
1270 3544 1552 3613 erwahnt,
1599 3543 1678 3599 ist
1712 3543 1961 3599 Urenkel
1997 3544 2095 3597 des
2133 3543 2384 3597 Redners
2419 3543 2688 3598 Messalla

328 3614 624 3685 Corvinus,
673 3616 775 3670 der
791 3614 890 3697 ‘im
923 3615 973 3669 J.
1013 3621 1078 3668 31
1119 3634 1167 3669 v.
1198 3614 1323 3669 Chr.
1361 3614 1676 3669 Mitkonsul
1713 3615 1811 3669 des
1847 3614 2137 3684 Augustus
2173 3630 2306 3667 war.
2363 3616 2372 3683 Ι
2431 3619 2481 3668 3.
2513 3616 2689 3683 pauci

323 3685 1403 3828 {Ytss'iicfibgofflsssseffissglussfinssss
1422 3685 1581 3810 3233·
1654 3689 1842 3810 ἕξεί
1883 3690 2040 3809 332&
2054 3685 2688 3809 }{}3·„2¹221⁵‚·10⁸50⁸‘{’Z1²553

322 3829 487 3881 toren
535 3828 638 3881 auf
678 3827 833 3882 diese
867 3826 1061 3882 Weise
1104 3826 1214 3880 mit
1251 3826 1577 3896 jahrlichen
1620 3827 2143 3895 Unterstfitzungen
2188 3827 2407 3895 (annua
2450 3827 2686 3895 salaria)

324 3898 624 3966 bedachte‚
661 3899 905 3968 bezeugt
941 3898 1087 3952 auch
1125 3898 1277 3952 Suet.
1315 3898 1446 3952 Ner.
1489 3904 1572 3951 10.
1617 3900 1626 3968 Ι
1667 3904 1714 3951 6.
1754 3895 2018 3951 Aurelius
2056 3896 2222 3950 Cotta
2256 3895 2335 3950 ist
2369 3896 2550 3950 Enkel
2588 3897 2686 3950 des

325 3974 384 4036 2,
426 3975 496 4022 32
544 3970 871 4025 erwahnten
914 3969 990 4023 M.
1030 3968 1293 4023 Aurelius
1340 3967 1505 4023 Cotta
1549 3967 1829 4022 Maximus
1887 3971 1907 4038 (
1973 3968 2098 4022 ater
2143 3968 2530 4037 Messalinus),
2587 3967 2687 4020 der

326 4038 500 4093 Ovids
536 4039 762 4094 Freund
797 4057 929 4095 war.
990 4042 999 4110 Ι
1060 4046 1107 4094 7.
1146 4038 1413 4093 Haterius
1448 4056 1569 4093 war
1601 4038 1682 4092 im
1716 4039 1766 4093 J.
1806 4043 1874 4092 53
1964 4036 2126 4092 onsul
2163 4053 2423 4109 gewesen
2457 4037 2575 4090 und
2609 4037 2686 4091 ist

325 4111 427 4165 der
463 4110 648 4166 Enkel
684 4111 782 4165 des
818 4111 1070 4165 Redners
1110 4110 1172 4174 Q.
1202 4109 1483 4164 Haterius.
1543 4116 1638 4178 12,
1679 4114 1764 4164 58.
1798 4112 1806 4179 Ι
1838 4096 1993 4162 Uber
2029 4110 2293 4178 quamvis,
2330 4108 2421 4162 ein
2457 4107 2684 4161 histori-

326 4181 488 4235 sches
523 4181 770 4236 Faktum
803 4181 1202 4250 bezeichnend,
1241 4200 1282 4236 s.
1323 4199 1389 4234 zu
1430 4187 1488 4248 1,
1519 4186 1612 4249 68,
1645 4185 1729 4235 17.
1781 4182 1790 4250 Ι
1843 4186 1925 4235 10.
1965 4181 2031 4234 cle
2067 4180 2364 4234 obtinenda
2398 4178 2682 4233 Armenia.

326 4251 449 4306 Seit
486 4253 616 4306 dem
642 4253 691 4307 J.
724 4258 793 4307 54
828 4269 945 4306 war
974 4252 1215 4307 Corbulo
1254 4253 1383 4306 dort
1409 4251 1616 4322 thatig,
1654 4251 1769 4304 und
1809 4251 1908 4305 der
1934 4249 2350 4320 Partherkonig
2377 4247 2683 4319 Vologeses

323 4322 489 4377 hatte
527 4323 827 4378 scheinbar
861 4341 971 4378 von
1001 4323 1306 4377 Armenien
1343 4321 1705 4393 abgelassen3
1743 4321 1848 4390 ΚΡ.
1881 4327 1930 4375 9.
1964 4324 1973 4391 Ι
2007 4327 2090 4374 12.
2129 4322 2289 4444 regni
2325 4320 2380 4400 d,
2406 4319 2460 4373 h.
2484 4319 2685 4400 ,Arme-

323 4392 504 4447 niens.
539 4396 547 4464 Ι
583 4399 667 4448 14.
696 4394 961 4449 Lucullus
990 4393 1191 4464 schlug
1217 4394 1328 4447 den
1352 4392 1641 4463 Tigranes,
1672 4391 2148 4462 Schwiegervater
2215 4407 2275 4445 es
2302 4389 2681 4461 Mithridates,
