3075 4800
463 254 543 316 18
805 251 1155 307 CORNELII
1192 251 1433 306 TACITI
1470 252 1568 306 AB
1605 251 1923 306 EXCESSU
1962 251 2115 305 DIVI
2152 250 2471 306 AUGUSTI

357 416 437 481 19
642 414 940 478 Ceterum
997 414 1053 478 is
1109 416 1318 478 terror
1371 413 1613 478 milites
1666 413 2014 498 hostesque
2069 414 2137 477 in
2183 412 2509 479 diversum
2555 415 2866 481 adfecit:

457 524 576 567 nos
639 502 947 567 virtutem
1010 502 1332 585 auximus,
1395 501 1656 566 barbari
1720 502 2026 567 ferociam
2082 502 2416 588 infregere.
2518 506 2583 566 et
2640 506 2859 569 natio

459 589 844 676 Frisiorum,
902 595 1053 675 post
1108 591 1522 665 rebellionem
1570 590 1748 655 clade
1794 590 1864 655 L.
1902 589 2179 674 Apronii
2225 594 2520 675 coeptam
2566 591 2855 657 infensa

458 682 572 742 aut
616 679 785 743 male
827 679 973 765 fida,
1019 679 1188 744 datis
1236 679 1572 745 obsidibus
1612 679 1902 744 consedit
1937 679 2108 763 apud
2146 701 2337 765 agros
2375 701 2413 743 a
2452 679 2853 746 Corbulone

454 767 826 851 discriptos:
883 768 1054 833 idem
1111 772 1434 852 senatum,
1490 768 1938 853 magistratus,
1997 768 2172 853 leges
2219 768 2524 851 inposuit.
2618 790 2696 832 ac
2747 792 2845 833 ne

460 856 634 921 iussa
670 862 994 940 exuerent,
1030 855 1423 940 praesidium
1461 856 1849 940 immunivit,
1887 856 2102 920 missis
2142 857 2254 940 qui
2292 857 2566 921 maiores
2614 856 2847 921 Chau-

460 966 569 1010 cos
625 944 706 1010 ad
762 945 1155 1009 deditionem
1213 944 1615 1028 pellicerent,
1674 944 1868 1009 simul
1925 943 2334 1009 Gannascum
2393 944 2543 1009 dolo
2599 945 2841 1031 adgre-

462 1034 779 1099 derentur.
881 1055 998 1097 nec
1064 1032 1295 1097 inritae
1364 1037 1474 1097 aut
1538 1033 1884 1118 degeneres
1951 1033 2220 1098 insidiae
2276 1033 2455 1097 fuere
2511 1033 2837 1098 adversus

461 1122 866 1208 transfugam
923 1125 986 1185 et
1042 1121 1423 1185 violatorem
1477 1121 1644 1185 fidei.
1738 1121 1849 1186 sed
1903 1122 2092 1186 caede
2148 1122 2286 1186 eius
2341 1125 2554 1185 motae
2612 1121 2834 1187 Chau-

393 1238 441 1275 ιο
461 1231 685 1274 corum
748 1213 1023 1293 mentes,
1086 1213 1153 1274 et
1214 1208 1495 1275 Corbulo
1562 1210 1808 1275 semina
1872 1210 2244 1275 rebellionis
2306 1210 2683 1293 praebebat,
2751 1216 2835 1275 ut

458 1298 628 1362 laeta
686 1298 857 1381 apud
911 1299 1280 1383 plerosque,
1343 1299 1438 1363 ita
1496 1299 1669 1382 apud
1724 1299 2038 1382 quosdam
2095 1299 2360 1364 sinistra
2413 1299 2603 1362 fama.
2704 1321 2831 1364 cur

459 1386 714 1450 hostem
753 1387 1077 1451 conciret?
1122 1388 1387 1451 adversa
1424 1387 1494 1450 in
1529 1408 1665 1450 rem
1701 1386 2027 1469 publicam
2066 1408 2318 1452 casura:
2366 1387 2468 1451 sin
2512 1408 2833 1472 prospere

461 1476 725 1560 egisset,
780 1475 1274 1539 formidolosum
1329 1476 1473 1559 paci
1520 1476 1732 1538 virum
1780 1476 2100 1560 insignem
2147 1478 2213 1539 et
2258 1476 2493 1561 ignavo
2540 1477 2833 1560 principi

460 1584 891 1648 praegravem.
995 1565 1196 1649 igitur
1252 1562 1558 1627 Claudius
1622 1562 1780 1628 adeo
1835 1585 2070 1629 novam
2126 1565 2194 1627 in
2254 1562 2629 1628 Germanias
2686 1565 2831 1628 vim

397 1677 443 1715 ιε,
465 1651 817 1734 prohibuit,
862 1656 936 1715 ut
984 1652 1210 1715 referri
1255 1652 1576 1735 praesidia
1622 1653 1714 1715 cis
1759 1651 2058 1717 Rhenum
2105 1653 2372 1716 iuberet.

356 1740 445 1803 20
648 1737 785 1803 Iam
841 1743 1050 1803 castra
1103 1741 1171 1802 in
1216 1738 1439 1804 hostili
1485 1741 1625 1805 solo
1672 1740 1967 1806 molienti
2014 1740 2366 1805 Corbuloni
2411 1762 2521 1805 eae
2567 1741 2831 1805 litterae

461 1827 832 1891 redduntur.
908 1827 1017 1891 ille
1053 1850 1121 1892 re
1160 1828 1392 1912 subita,
1431 1851 1820 1913 quamquam
1860 1829 2066 1894 multa
2094 1829 2289 1893 simul
2319 1829 2832 1913 offunderentur,

462 1919 673 1981 metus
719 1938 798 1980 ex
845 1917 1258 1999 imperatore,
1305 1919 1700 2001 contemptio
1750 1939 1827 1981 ex
1872 1918 2192 2003 barbariS,
2248 1918 2602 1983 ludibrium
2649 1920 2830 2002 apud

462 2005 690 2089 socios,
736 2004 904 2069 nihil
949 2005 1126 2069 aliud
1162 2005 1539 2089 prolocutus
1580 2028 1774 2091 quam
1813 2007 2062 2071 ‘beatos
2101 2007 2424 2091 quondam
2463 2006 2656 2071 duces
2693 2006 2830 2071 Ro-

420 2120 443 2158 5
465 2094 732 2179 manos’,
779 2095 1039 2181 signum
1085 2095 1372 2179 receptui
1419 2094 1611 2160 dedit.
1695 2099 1770 2159 ut
1816 2099 2031 2160 tamen
2068 2095 2256 2159 miles
2295 2095 2502 2160 otium
2541 2100 2829 2179 exueret,

463 2182 632 2246 inter
666 2183 917 2247 Mosam
955 2182 1384 2268 Rhenumque
1419 2185 1622 2248 trium
1661 2189 1726 2248 et
1762 2185 2000 2270 viginti
2036 2184 2291 2248 milium
2329 2184 2540 2267 spatio
2578 2184 2825 2248 fossam

643 2353 739 2409 19.
799 2360 845 2411 1.
884 2356 934 2410 is
967 2362 1159 2423 terror,
1193 2356 1444 2412 namlioh
1483 2357 1584 2411 der
1614 2356 1929 2412 Schrecken
1960 2357 2102 2412 fiber
2130 2358 2228 2412 des
2259 2356 2587 2413 Gannascus
2618 2357 2817 2428 sache,

463 2425 603 2479 fiber
649 2423 840 2479 seinen
886 2425 1100 2480 Einfall
1144 2428 1262 2481 und
1309 2427 1461 2482 seine
1506 2427 1902 2498 Vertreibung.
1958 2431 1967 2498 1
2016 2436 2067 2484 4.
2115 2431 2256 2484 male
2300 2431 2445 2497 fida,
2498 2432 2639 2485 male
2690 2430 2822 2483 ‘nur

463 2494 763 2562 schwach’,
813 2495 993 2550 ‘nicht
1046 2497 1226 2551 recht'
1278 2502 1416 2565 (non
1460 2500 1619 2567 satis)
1668 2498 1914 2553 mindert
1960 2500 2070 2554 den
2104 2499 2324 2570 Begriff
2362 2500 2538 2555 herab
2576 2500 2691 2555 fast
2727 2500 2818 2554 bis

462 2583 561 2619 zur
587 2564 868 2635 Negation
906 2566 1034 2637 (wie
1072 2570 1199 2623 bene
1234 2568 1430 2638 haufig
1466 2569 1693 2623 einfach
1730 2569 2002 2640 steigert),
2040 2570 2149 2641 vgl.
2183 2576 2266 2640 14,
2298 2577 2364 2624 13
2393 2573 2533 2626 male
2559 2573 2818 2627 coercitas

463 2637 791 2706 (libidines),
825 2636 956 2692 hist.
991 2644 1039 2706 1,
1070 2643 1165 2706 52,
1200 2640 1342 2700 male
1384 2642 1528 2707 fidas
1558 2642 1878 2708 provincias
1915 2647 1965 2710 2,
1995 2647 2063 2695 92
2077 2684 2090 2709 ,
2127 2643 2269 2696 male
2304 2643 2655 2697 dissimulata
2681 2659 2816 2710 pra-

459 2710 619 2765 vitas.
694 2707 957 2763 Bekannt
1000 2709 1079 2763 ist
1114 2709 1245 2765 Hor.
1277 2727 1443 2764 carm.
1478 2716 1525 2778 1,
1567 2717 1616 2778 9,
1647 2717 1715 2765 24
1757 2712 1931 2782 diyito
1966 2713 2107 2766 male
2137 2714 2438 2781 pertinaci,
2483 2713 2593 2782 vgl.
2632 2712 2818 2767 ferner

462 2797 548 2852 ep.
583 2787 631 2850 1,
664 2786 747 2849 19,
777 2786 809 2833 3
856 2781 997 2836 male
1031 2797 1222 2850 sance,
1272 2788 1321 2850 1,
1352 2787 1437 2851 20,
1470 2787 1535 2835 15
1574 2783 1714 2836 male
1741 2790 2055 2851 parentem,
2101 2783 2269 2852 Verg.
2299 2783 2436 2837 Aen.
2467 2789 2517 2852 2,
2548 2788 2617 2836 23
2653 2786 2817 2838 statio

460 2853 599 2907 male
644 2853 788 2919 fida,
835 2851 932 2907 Ov.
961 2855 1092 2908 met.
1123 2859 1173 2922 3,
1206 2859 1309 2906 730
1345 2853 1571 2919 frondes
1604 2854 1745 2908 male
1779 2854 2057 2909 haerentes
2092 2853 2243 2952 ςΗοτ.
2275 2856 2379 2908 sat.
2412 2860 2460 2923 1,
2490 2859 2540 2922 3,
2570 2859 2635 2906 31
2678 2855 2816 2908 male

465 2966 475 2977 .
510 2967 520 2976 .
554 2967 564 2977 .
622 2924 834 2978 calceus
886 2925 1104 2993 haeret).
1155 2927 1164 2994 1
1214 2926 1368 2994 apud
1423 2941 1586 2996 ayros
1631 2956 1700 2965 —-
1748 2926 2038 2994 discriptos
2115 2923 2176 2977 in
2232 2925 2343 2979 den
2392 2924 2815 2995 angewiesenen

462 2992 702 3073 Cranen&
746 2994 1035 3063 discriptos
1071 2994 1253 3064 (nicht
1288 2996 1622 3117 descripto&
1657 2994 1787 3049 weil
1826 2995 1925 3048 der
1960 2994 2179 3066 Begriff
2212 2996 2310 3049 des
2345 2995 2484 3049 Ver·
2518 2996 2636 3048 und
2672 2995 2813 3048 Aus-

464 3062 937 3117 emanderteilens
984 3065 1359 3132 vorschwebt,
1405 3081 1513 3118 wie
1603 3081 1735 3119 erm.
1766 3071 1834 3118 25
1882 3068 2069 3121 ceteris
2111 3067 2279 3121 servis
2321 3082 2437 3120 non
2472 3068 2538 3119 in
2571 3072 2815 3120 nostram

463 3149 676 3199 morem,
713 3133 1116 3206 discriptiqfflr
1139 3136 1418 3201 familiam
1444 3137 1782 3202 ministerii&
1808 3142 2058 3191 atnam.
2094 3138 2102 3206 Ι
2134 3144 2183 3191 6.
2213 3138 2527 3192 immanivit
2555 3136 2729 3207 ‘legte
2754 3152 2814 3190 er

462 3202 558 3257 bei
593 3201 764 3256 ihnen
803 3204 916 3257 an'.
973 3204 1251 3258 Ahnliche
1277 3204 1467 3258 Wort-
1504 3206 1677 3260 bezw.
1705 3204 1994 3259 Neubildu
2109 3225 2155 3261 z.
2186 3207 2246 3262 B.
2281 3209 2346 3262 in
2362 3209 2645 3276 praetorio
2670 3208 2811 3261 ince-

462 3280 632 3328 nante
667 3289 728 3328 eo
764 3272 859 3327 bei
897 3273 1048 3329 Suet.
1079 3274 1203 3330 Tib.
1236 3281 1320 3329 39.
1363 3277 1371 3344 Ι
1403 3277 1653 3342 maiores,
1691 3274 1969 3331 zwischen
2082 3294 2203 3332 eser
2238 3279 2356 3332 und
2390 3277 2549 3333 Elbe.
2624 3277 2811 3347 Gegen

464 3344 698 3398 Westen
726 3344 992 3398 wohnten
1021 3343 1113 3399 die
1140 3347 1375 3400 minores
1406 3346 1627 3401 chauci.
1663 3348 1672 3417 Ι
1704 3352 1753 3401 8.
1783 3349 2066 3418 degeneres
2092 3348 2401 3417 eigentlich
2432 3348 2811 3417 ‘unromisch',

465 3415 643 3470 daher
690 3415 958 3470 ‘unedel’.
1034 3414 1230 3486 Gegen
1272 3418 1382 3470 den
1419 3416 1825 3488 eidbn’ichigen
1861 3417 2242 3473 Landesfeind
2276 3419 2402 3473 halt
2437 3418 2669 3473 Tacitus
2706 3419 2808 3473 den

463 3485 626 3539 Mord
672 3486 764 3539 fiir
807 3485 1047 3540 erlaubt.
1090 3491 1098 3556 Ι
1141 3493 1189 3543 9.
1236 3489 1492 3556 violator,
1540 3505 1583 3541 s.
1630 3488 1774 3543 Einl.
1824 3494 1854 3554 ξ
1882 3496 1932 3544 4.
1976 3490 1984 3560 Ι
2030 3496 2113 3544 12.
2163 3508 2262 3546 cur
2305 3492 2502 3546 hostem
2546 3488 2811 3546 conciret?

462 3556 575 3610 Der
601 3555 767 3626 Konj.
809 3559 953 3611 statt
988 3558 1086 3611 des
1123 3558 1511 3670 regelrechten
1549 3560 1677 3614 Ace.
1700 3576 1746 3613 c.
1765 3559 1869 3614 Inf.
1898 3559 2005 3614 wie
2028 3560 2161 3616 hist.
2181 3568 2233 3630 4,
2253 3569 2287 3615 4
2315 3563 2366 3616 si
2384 3563 2644 3630 privatus
2670 3566 2810 3625 esset,

462 3645 563 3683 cur
601 3629 821 3697 publice
867 3629 1191 3699 loqueretur.
1282 3629 1411 3700 Vgl.
1461 3648 1529 3683 zu
1579 3635 1661 3697 13,
1700 3636 1788 3700 42,
1828 3636 1892 3683 17
1932 3648 2044 3701 qua
2078 3634 2372 3702 sapientia,
2409 3633 2607 3701 quibas
2636 3632 2807 3700 philo-

462 3699 750 3766 sophorum
787 3702 1203 3769 praeceptis...
1230 3709 1311 3756 ter
1356 3702 1572 3756 miliens
1614 3702 1914 3757 sestertium
1952 3703 2299 3771 paravisset?
2339 3704 2347 3776 Ι
2392 3709 2473 3757 14.
2512 3704 2693 3758 viram
2729 3703 2808 3756 in-

462 3769 667 3839 siynem
704 3778 755 3824 et
793 3814 803 3824 .
838 3811 849 3823 .
883 3814 894 3825 .
927 3788 1283 3842 praem-avem
1318 3770 1397 3825 ist
1432 3771 1689 3841 Subjekt.
1747 3774 2074 3843 praegravis
2109 3791 2217 3829 von
2252 3775 2550 3843 Personen,
2592 3772 2810 3827 ‘hochst

465 3839 801 3908 unbequem‚
838 3840 1197 3912 fiberlastig’‚
1233 3841 1341 3896 wie
1378 3849 1428 3910 4,
1461 3849 1555 3910 713
1597 3848 1680 3909 14,
1710 3850 1741 3896 3
1780 3862 1832 3898 u.
1866 3859 1914 3898 a.
1950 3845 1957 3914 Ι
1989 3843 2102 3899 Der
2127 3845 2321 3899 Plural
2353 3845 2682 3900 Germanias
2716 3842 2808 3896 be-

466 3909 721 3965 zeichnet
768 3910 860 3964 die
900 3911 1330 3967 verschiedenen
1367 3913 1616 3968 Stamme
1655 3914 1754 3967 der
1787 3913 2111 3969 Deutschen
2140 3915 2379 3985 jenseits
2418 3916 2515 3969 des
2552 3913 2806 3969 Rheines.

645 3980 742 4037 20.
802 3987 851 4036 3.
897 3989 1068 4037 metus
1113 3984 1231 4036 und
1277 3991 1505 4039 meticere
1551 4002 1618 4039 ex
1662 3986 1850 4055 aliquo
1896 3988 2041 4040 statt
2086 3988 2180 4056 ab,
2235 3986 2330 4040 bei
2375 3984 2607 4040 Tacitus
2653 3984 2806 4054 efter,

466 4054 655 4105 zuerst
686 4051 783 4107 bei
820 4052 954 4107 Sall.
984 4051 1146 4109 Catil.
1179 4060 1265 4123 52,
1297 4060 1361 4108 16
1396 4056 1447 4109 si
1469 4056 1774 4125 pericalmn
1802 4074 1869 4111 ex
1894 4057 2009 4111 illis
2034 4059 2238 4112 metuit.
2274 4059 2282 4126 Ι
2316 4056 2471 4111 Statt
2495 4057 2808 4125 contemptio

464 4123 570 4177 hat
606 4121 735 4177 Tac.
783 4123 975 4177 frtiher
1009 4142 1117 4178 nur
1151 4132 1496 4195 contemptae.
1531 4129 1539 4196 Ι
1572 4134 1624 4181 4.
1663 4128 1842 4182 beatos
1878 4159 1946 4167 —
1984 4127 2265 4183 Romanos
2303 4126 2419 4181 ‘die
2456 4126 2809 4198 gh’icklichen

464 4193 805 4249 Heerftihrer
850 4195 1021 4249 Roms
1074 4212 1182 4250 von
1239 4196 1520 4253 ehedem!’
1608 4198 1721 4251 Der
1766 4197 1981 4252 Ausruf
2028 4198 2107 4252 ist
2151 4199 2234 4254 als
2283 4197 2495 4267 Objekt
2537 4214 2645 4252 von
2683 4214 2806 4267 pro·

467 4267 678 4321 locatas
731 4265 1024 4337 abhangig
1078 4268 1367 4337 gemacht,
1422 4268 1529 4322 wie
1586 4270 1687 4322 das
1744 4286 1887 4339 ganz
1943 4269 2297 4339 gewohnlich
2349 4268 2453 4337 ist,
2508 4269 2618 4339 vgl.
2664 4287 2712 4323 z.
2748 4269 2804 4323 B.

464 4336 619 4392 Caes.
642 4337 704 4392 B.
727 4336 792 4391 G.
814 4342 864 4406 5,
886 4343 970 4405 37,
993 4344 1025 4391 3
1055 4341 1340 4394 victoria-m
1366 4341 1727 4405 conclamant,
1763 4338 1879 4393 Liv.
1901 4345 1986 4407 21,
2008 4346 2092 4409 62,
2115 4347 2146 4394 2
2174 4342 2512 4409 triumphum
2538 4341 2807 4407 clamasse,

466 4406 564 4462 Ov.
612 4411 743 4462 met.
797 4415 853 4478 1,
903 4414 1006 4463 559
1074 4427 1193 4464 cum
1250 4412 1394 4465 laeta
1447 4411 1784 4479 triumphum
1839 4427 1946 4464 vox
1999 4419 2157 4466 canet
2210 4429 2263 4466 u.
2322 4427 2370 4465 a.
2429 4413 2438 4482 Ι
2489 4416 2536 4464 6.
2591 4412 2802 4477 fossam.
