3075 4800
486 220 570 285 28
832 219 1182 274 CORNELII
1217 219 1457 274 TACITI
1492 219 1591 272 AB
1626 218 1946 273 EXCESSU
1984 218 2139 272 DIVI
2175 217 2490 273 AUGUSTI

488 383 751 446 servitia
795 386 860 446 et
898 385 1141 447 ceteros
1179 383 1475 446 fortunae
1511 385 1777 465 paratus
1814 385 2192 465 reposceret.
2276 381 2596 446 frueretur
2633 382 2875 446 immo

486 470 616 554 his,
673 471 782 535 sed
838 470 1130 535 redderet
1183 492 1450 535 uxorem
1495 474 1949 554 rumperetque
1996 469 2250 534 tabulas
2294 469 2635 553 nuptiales,
2735 471 2860 534 ‘an

489 558 854 623 discidium’
909 559 1122 644 inquit
1176 558 1385 623 ‘tuum
1438 559 1660 623 nosti?
1723 579 1872 622 nam
1927 558 2413 622 matrimonium
2472 556 2617 622 Silii
2672 558 2861 622 vidit

417 674 469 712 ιο
487 647 768 731 populus
822 651 888 713 et
934 651 1192 712 senatus
1238 651 1304 712 et
1348 647 1562 733 miles3
1616 668 1691 711 ac
1735 647 1804 710 ni
1852 668 2121 731 propere
2167 646 2332 731 agis,
2387 650 2565 710 tenet
2608 647 2859 711 urbem

487 736 801 800 maritus.’

382 825 462 888 31
666 824 832 889 Tum
875 824 1253 909 potissimos
1298 825 1653 888 amicorum
1700 827 1915 908 vocat,
1960 823 2369 907 primumque
2416 823 2510 886 rei
2555 823 2863 887 frumen-

489 913 690 977 tariae
734 914 1131 997 praefectum
1178 911 1585 997 Turranium,
1629 915 1781 996 post
1825 911 2095 976 Lusium
2135 909 2365 976 Getam
2408 912 2859 995 praetorianis

487 1001 843 1085 inpositum
888 1003 1320 1085 percontatur.
1403 1001 1548 1085 quis
1594 1000 1947 1065 fatentibus
1995 999 2291 1064 certatim
2338 1000 2533 1064 ceteri
2571 999 2856 1064 circum—

489 1094 811 1175 strepunt,
857 1090 982 1154 iret
1026 1090 1095 1153 in
1140 1094 1366 1174 castra,
1411 1091 1700 1154 firmaret
1743 1089 2098 1173 praetorias
2146 1087 2461 1172 cohortes,
2508 1088 2855 1153 securitati

444 1205 468 1244 ⁵
490 1182 636 1242 ante
720 1200 911 1262 quam
993 1178 1315 1242 vindictae
1397 1178 1777 1243 consuleret.
1897 1177 2055 1241 satis
2128 1181 2381 1241 constat
2453 1198 2529 1241 eo
2601 1199 2863 1260 pavore

490 1266 767 1331 offusum
816 1265 1183 1352 Claudium,
1237 1271 1312 1331 ut
1356 1267 1709 1331 identidem
1756 1266 2211 1350 interrogaret,
2269 1288 2351 1329 an
2398 1265 2534 1349 ipse
2582 1265 2851 1349 imperii

487 1358 735 1439 potens,
772 1377 855 1419 an
895 1354 1094 1420 Silius
1129 1355 1423 1439 privatus
1462 1358 1647 1419 esset.
1722 1358 1790 1419 at
1815 1354 2162 1419 Messalina
2198 1375 2329 1418 non
2365 1353 2525 1418 alias
2564 1354 2855 1418 solutior

487 1445 672 1528 luxu,
719 1443 939 1508 adulto
987 1448 1297 1508 autumno
1345 1443 1761 1508 simulacrum
1807 1442 2165 1507 vindemiae
2209 1464 2325 1526 per
2371 1443 2636 1506 domum
2683 1443 2855 1507 cele-

487 1532 733 1597 brabat.
816 1533 1036 1617 urgeri
1072 1533 1269 1616 prela,
1305 1532 1503 1597 fluere
1540 1532 1745 1616 lacus3
1783 1535 1847 1595 et
1884 1531 2159 1596 feminae
2196 1531 2476 1615 pellibus
2513 1531 2857 1595 accinctae

419 1649 471 1686 10
491 1620 902 1685 adsultabant
947 1624 1022 1684 ut
1069 1621 1499 1685 sacrificantes
1547 1621 1650 1685 vel
1694 1620 2086 1685 insanientes
2122 1619 2438 1703 Bacchae3
2485 1619 2626 1702 ipsa
2666 1621 2857 1683 crine

489 1708 666 1772 fluxo
712 1707 1011 1792 thyrsum
1059 1709 1371 1793 quatiem,
1417 1710 1725 1792 iuxtaque
1774 1707 1972 1773 Silius
2017 1707 2252 1773 hedera
2296 1708 2569 1793 vinctus,
2616 1729 2853 1792 gerere

491 1795 860 1880 cothurnos,
907 1797 1113 1860 iacere
1150 1801 1362 1882 caput,
1400 1801 1724 1881 strepente
1761 1797 2002 1862 circum
2038 1797 2296 1880 procaci
2334 1795 2548 1860 choro.
2623 1797 2853 1860 ferunt

489 1884 785 1949 Vettium
832 1885 1173 1950 Valentem
1219 1886 1485 1950 lascivia
1530 1887 1601 1950 in
1645 1884 2000 1970 praealtam
2045 1885 2341 1949 arborem
2391 1885 2704 1968 conisum,
2751 1885 2853 1948 in-

489 1974 989 2060 terrogantibuS,
1036 1974 1193 2059 quid
1230 1975 1562 2060 aspiceret,
1608 1975 2012 2058 respondisse
2048 1976 2503 2057 tempestatem
2539 1973 2620 2037 ab
2659 1971 2853 2037 Ostia

419 2091 470 2130 15
490 2067 793 2148 atrocem,
840 2065 974 2127 sive
1021 2068 1319 2148 coeperat
1366 2086 1439 2128 ea
1486 2064 1748 2149 species,
1796 2085 1908 2127 seu
1954 2062 2122 2126 forte
2169 2063 2352 2145 lapsa
2397 2083 2523 2125 vox
2560 2062 2629 2125 in
2665 2084 2852 2145 prae-

491 2152 743 2236 sagium
788 2153 1001 2217 vertit.

383 2242 468 2304 32
665 2239 818 2305 Non
880 2264 1104 2306 rumor
1169 2242 1441 2325 interea,
1516 2242 1627 2304 sed
1692 2240 1976 2323 undique
2041 2239 2255 2302 nuntii
2321 2238 2654 2323 incedunt,
2732 2240 2848 2321 qui

490 2349 689 2413 gnara
747 2327 1013 2392 Claudio
1080 2333 1308 2393 cuncta
1374 2334 1439 2393 et
1501 2329 1720 2393 venire
1773 2330 2147 2412 promptum
2203 2326 2440 2391 ultioni
2499 2326 2849 2390 adferrent.

490 2417 693 2501 igitur
754 2416 1099 2481 Messalina
1160 2417 1577 2482 Lucullianos
1650 2418 1719 2481 in
1780 2416 2007 2481 hortos
2016 2467 2034 2501 ,
2110 2416 2308 2481 Silius
2374 2417 2847 2480 dissimulando

489 2507 667 2569 metu
713 2506 794 2569 ad
839 2504 1061 2569 munia
1106 2505 1233 2570 fori
1281 2506 1746 2590 digrediuntur.
1841 2505 2069 2570 ceteris
2116 2506 2359 2589 passim
2406 2504 2847 2569 dilabentibus

445 2621 471 2660 5
491 2593 750 2657 adfuere
797 2593 1221 2679 centuriones,
1265 2594 1599 2677 inditaque
1646 2598 1797 2658 sunt
1833 2593 2064 2677 vincla,
2108 2597 2183 2657 ut
2222 2594 2366 2677 quis
2402 2592 2853 2677 reperiebatur

491 2682 559 2745 in
604 2681 867 2766 publico
916 2686 1030 2746 aut
1075 2705 1191 2766 per
1234 2684 1531 2747 latebras,
1624 2682 1971 2746 Messalina
2015 2687 2256 2765 tamen,
2304 2702 2689 2767 quamquam
2737 2703 2849 2745 res

487 2896 688 2949 nedum
732 2911 839 2947 nur
881 2894 1020 2950 hier.
1073 2896 1081 2964 Ι
1132 2896 1365 2949 domam.
1439 2894 1579 2948 Dass
1621 2892 1931 2947 Messalina
1979 2893 2108 2945 dem
2146 2890 2317 2945 Silius
2366 2892 2512 2945 auch
2559 2890 2651 2945 ein
2684 2890 2842 2944 Haus

489 2964 949 3088 glesfhenkil’jss
995 2981 1151 3089 zvirar¹
1188 2965 1331 3089 Κὲρ.
1373 2971 1438 3090 Ξ2
1485 2964 1981 3090 ῃὶοὴήοῗΐτπῆὴῑιξᾶ
2020 2962 2195 3086 dolchh
2212 2961 2485 3087 88,ςὲὣο
2517 2968 2610 3060 60,
2641 2968 2706 3015 31
2747 2963 2843 3016 καὶ

489 3054 522 3088 ⁰
548 3054 581 3087 ²
606 3055 770 3159 Ἢ.
906 3037 1233 3174 maz,
1264 3039 1595 3172 tam!
1622 3038 2045 3185 &1532351225
2086 3050 2155 3159 25>
2178 3049 2330 3159 a
2365 3051 2697 3185 Tarans,
2742 3105 2842 3157 der

489 3175 841 3245 hochbetagt
885 3192 1027 3245 war,
1075 3194 1118 3229 s.
1168 3194 1236 3229 zu
1285 3182 1340 3245 1,
1381 3181 1430 3229 7.
1477 3178 1485 3246 Ι
1530 3174 1677 3230 Geta
1724 3175 1880 3229 ward
1925 3193 2005 3228 im
2053 3176 2102 3230 J.
2143 3182 2208 3229 51
2269 3175 2372 3229 auf
2409 3174 2701 3229 Anstlften
2745 3175 2842 3228 der

489 3245 805 3316 Agrippina
861 3246 1178 3328 abgesetzt‚
1235 3245 1389 3299 seine
1439 3245 1616 3301 Stelle
1667 3245 1871 3301 erhielt
1915 3246 2140 3300 Burrus.
2183 3249 2191 3316 Ι
2231 3253 2281 3301 4.
2338 3253 2540 3313 eastra,
2593 3245 2839 3299 namlich

557 3318 787 3382 aetoria,
825 3316 1045 3384 osthch,
1086 3315 1246 3370 dicht
1283 3333 1379 3371 vor
1417 3316 1517 3370 der
1545 3324 1713 3386 porta
1751 3318 2044 3372 Viminalis
2072 3318 2188 3370 und
2216 3318 2437 3372 collina.
2469 3317 2478 3389 Ι
2512 3322 2560 3371 6.
2590 3318 2838 3384 offusum.

542 3385 617 3456 gl.
666 3386 777 3441 Cic.
822 3402 924 3456 pro
970 3388 1142 3441 Marc.
1190 3394 1253 3456 4,
1295 3393 1361 3441 10
1408 3389 1653 3442 omnium
1699 3388 2094 3443 Marcellorum
2137 3405 2314 3442 meum
2349 3395 2543 3457 pectas
2586 3389 2839 3442 memoria

488 3457 723 3524 obfudit,
771 3457 888 3509 und
932 3457 1073 3511 fiber
1119 3456 1211 3512 die
1260 3457 1946 3529 SubJ'ektsvertauschung
1992 3476 2034 3512 s.
2083 3477 2153 3511 zu
2199 3464 2230 3511 2
2245 3506 2259 3527 ‚
2291 3463 2375 3526 11,
2407 3462 2454 3512 7.
2498 3461 2507 3527 Ι
2548 3463 2598 3511 8.
2637 3459 2838 3525 adulto,

486 3528 595 3581 wie
633 3533 681 3595 2,
713 3532 781 3581 23
819 3534 1018 3582 aestate
1054 3529 1168 3582 iam
1205 3531 1419 3597 adalta,
1458 3535 1540 3598 13,
1571 3535 1639 3583 36
1676 3532 1844 3585 donee
1870 3546 1963 3584 ver
1989 3530 2332 3595 adolesceret,
2367 3528 2478 3598 vgl.
2508 3528 2680 3583 Thuc.
2702 3534 2749 3597 2,
2771 3534 2834 3581 19

486 3607 587 3653 τοῦ
633 3595 843 3666 θέρους
878 3598 975 3652 καὶ
1009 3607 1109 3653 τοῦ
1148 3598 1302 3655 σίτου
1339 3601 1699 3669 ἀκμάζοντος.
1734 3603 1742 3669 Ι
1776 3607 1824 3654 9.
1866 3602 2018 3654 lacae
2055 3599 2147 3653 die
2183 3598 2357 3667 Kufe,
2395 3598 2456 3652 in
2492 3598 2706 3653 welche
2743 3599 2835 3652 der

485 3669 636 3750 Most
662 3668 850 3724 fliesst.
876 3670 883 3743 Ι
900 3670 1156 3739 pellibus,
1191 3671 1298 3725 wie
1326 3672 1422 3726 bei
1447 3670 1906 3725 Bacchusfesten.
1933 3670 1940 3742 Ι
1968 3677 2051 3725 10.
2083 3672 2381 3737 adsultare,
2408 3669 2532 3724 hier
2562 3669 2836 3724 ‘daneben

488 3741 795 3810 spungen'‚
834 3744 993 3796 sonst
1032 3742 1542 3813 ‘heranspringen',
1579 3742 1711 3797 hist.
1741 3749 1792 3810 4,
1823 3748 1890 3795 22
1929 3743 2242 3797 adsultante
2278 3744 2374 3810 (sc.
2403 3742 2480 3796 ad
2507 3744 2709 3811 eastra)
2737 3758 2835 3810 per

485 3827 705 3935 οαηέὶοε
749 3813 939 3953 ἒᾳὸιὶτιε.
981 3815 991 3881 Ι
1034 3818 1116 3895 13.
1162 3813 1387 3937 Vettxirus
1427 3830 1546 3939 Ἕω·
1583 3813 1676 3938 εἰπὲ
1711 3813 1965 3937 Ἑτῆξθιῖἔ
2000 3812 2318 3938 Ιέἰθῦὶιεζὶῶι·
2365 3812 2465 3866 der
2509 3810 2834 3894 Messalina3

486 3900 528 3935 s.
629 3898 717 3951 ap.
837 3926 846 3937 .
939 3899 1199 3938 comeum.
1327 3902 1403 3953 g.
1496 3902 1607 3939 aes.
1682 3901 1767 3940 .c.
1845 3927 1859 3953 ,
1971 3927 1984 3953 ,
2093 3902 2216 3953 equi
2299 3900 2366 3938 as
2413 3915 2480 3923 —
2528 3900 2738 3938 summa
2775 3899 2836 3936 m

485 3960 916 4105 ωραωὸἕῗηέῗῗ
924 3960 1471 4094 fflgztssssivisch
1517 4026 1626 4081 wie
1674 4034 1701 4080 1
1717 4071 1731 4096 ,
1772 4033 1803 4080 5
1850 4044 2089 4098 quaram
2134 4028 2196 4080 id
2244 4026 2471 4082 Caesari
2516 4026 2632 4079 und
2679 4025 2832 4095 oster,

484 4112 593 4148 nur
637 4094 732 4149 bei
769 4094 1001 4148 Tacitus
1048 4096 1167 4149 und
1202 4096 1502 4166 Apuleius,
1550 4100 1784 4169 ignaras
1830 4098 2004 4152 sehon
2040 4096 2206 4166 Verg.
2237 4097 2376 4152 Aen.
2410 4102 2493 4166 10,
2524 4103 2654 4165 706,
2702 4096 2833 4151 Ovid

484 4167 617 4220 met.
650 4170 699 4235 7,
730 4170 851 4234 404,
890 4165 1025 4220 Sall.
1045 4165 1111 4219 Iu
1156 4210 1166 4221 .
1198 4174 1283 4237 18,
1313 4175 1372 4236 6;
1411 4175 1496 4238 52,
1524 4175 1575 4226 4.
1610 4169 1618 4242 Ι
1652 4175 1701 4224 3.
1738 4171 1938 4236 hortos,
1975 4186 2017 4223 s.
2046 4186 2116 4221 zu
2142 4168 2284 4238 Kap.
2317 4173 2364 4223 1.
2400 4168 2409 4240 Ι
2440 4168 2833 4223 dissimulando

485 4244 644 4293 metu.
728 4235 842 4291 Der
884 4236 1058 4291 Dativ
1152 4255 1209 4293 es
1256 4239 1665 4295 Gerundivums
1719 4240 1816 4295 bei
1860 4238 2061 4294 Verbis
2122 4239 2222 4292 der
2266 4238 2615 4310 Bewegung=
2668 4244 2726 4307 6,
2766 4245 2829 4293 43

484 4308 791 4363 reddendae
827 4309 1196 4365 dominationi
1229 4312 1453 4378 venisse,
1488 4311 1623 4367 hist.
1645 4318 1695 4381 3,
1726 4318 1792 4366 32
1835 4312 2082 4365 balineas
2109 4310 2380 4365 abluendo
2408 4311 2595 4366 emori
2615 4326 2832 4379 propere

476 4379 634 4448 petit.
710 4379 762 4434 S.
810 4378 956 4435 Einl.
996 4387 1027 4446 ξ
1067 4387 1187 4451 109,
1224 4382 1279 4437 b.
1331 4385 1340 4451 Ι
1391 4388 1439 4437 6.
1496 4385 1562 4437 in
1606 4383 1831 4451 publico
1890 4380 2018 4434 ‘auf
2067 4380 2168 4434 der
2220 4379 2456 4435 Strafse'
2507 4379 2611 4434 wie
2658 4387 2708 4449 4,
2752 4385 2827 4436 68.

1846 4509 1877 4535 0
