3075 4800
459 260 545 325 64
805 258 1156 314 CORNELII
1192 258 1432 313 TACITI
1469 260 1566 313 AB
1604 259 1924 316 EXCESSU
1961 261 2117 314 DrVI
2154 261 2469 315 AUGUSTI

459 423 664 487 otium
712 421 1077 485 oblectaret.
1159 420 1215 485 is
1251 420 1596 507 Paelignus
1644 421 1899 487 auxiliis
1936 423 2428 506 provincialium
2466 425 2813 489 contractis

415 538 444 577 5
465 517 793 593 tamquam
859 509 1330 593 reciperaturus
1386 508 1788 596 Armeniam,
1854 512 2007 574 dum
2073 513 2281 577 socios
2345 513 2552 598 magis
2620 535 2815 599 quam

458 600 677 663 hostes
742 598 1111 683 praedatur,
1177 599 1474 663 abscessu
1540 621 1804 664 suorum
1869 603 1934 664 et
1994 601 2467 666 incursantibus
2523 602 2814 666 barbaris

458 686 761 772 praesidii
825 709 1020 773 egens
1084 686 1164 751 ad
1218 687 1666 752 Radamistum
1729 689 1932 773 venit3
1997 689 2310 774 donisque
2376 690 2512 754 eius
2568 691 2815 755 evictus

459 776 633 841 ultro
714 776 965 862 regium
1048 776 1299 862 insigne
1381 798 1632 841 sumere
1709 777 2087 841 cohortatur
2158 778 2562 862 sumentique
2637 778 2817 844 adest

462 869 684 930 auctor
730 869 797 929 et
842 864 1113 929 satelles.
1206 865 1378 948 quod
1424 865 1538 928 ubi
1585 867 1761 949 turpi
1806 866 1979 930 fama
2024 866 2446 952 divulgatum,
2489 889 2571 931 ne
2619 869 2815 932 ceteri

393 981 443 1020 ιο
463 975 718 1039 quoque
775 975 853 1017 ex
907 953 1217 1039 Paeligno
1273 953 1811 1038 coniectarentur,
1866 955 2204 1020 Helvidius
2251 954 2508 1021 Priscus
2563 955 2814 1042 legatus

461 1065 607 1108 cum
652 1043 905 1128 legione
951 1042 1253 1126 mittitur,
1298 1042 1489 1107 rebus
1526 1044 1804 1108 turbidis
1841 1066 1959 1127 pro
1999 1048 2287 1128 tempore
2326 1048 2401 1108 ut
2437 1045 2813 1109 consuleret.

461 1133 663 1218 igitur
706 1152 977 1213 propere
1024 1135 1312 1195 montem
1351 1131 1634 1196 Taurum
1680 1137 2117 1218 transgressus
2156 1133 2593 1197 moderatione
2629 1135 2818 1216 plura

461 1241 653 1303 quam
689 1220 758 1283 vi
794 1223 1260 1304 composuerat,
1297 1242 1443 1284 cum
1481 1221 1688 1285 redire
1726 1223 1795 1284 in
1833 1220 2084 1285 Suriam
2125 1222 2401 1305 iubetur,
2436 1244 2518 1285 ne
2557 1223 2814 1287 initium

461 1308 618 1371 belli
666 1307 969 1372 adversus
1016 1307 1293 1373 Parthos
1340 1310 1660 1373 existeret.

350 1396 441 1459 50
635 1395 806 1460 Nam
881 1395 1235 1481 Vologeses
1309 1417 1525 1460 casum
1600 1396 1992 1459 invadendae
2059 1395 2402 1459 Armeniae
2477 1397 2814 1461 obvenisse

459 1488 665 1568 ratus,
724 1506 916 1567 quam
974 1506 1011 1546 a
1062 1484 1414 1547 maioribus
1470 1484 1604 1547 suis
1648 1504 2008 1566 possessam
2055 1488 2355 1546 externus
2402 1504 2515 1545 rex
2560 1485 2813 1567 flagitio

461 1572 807 1654 obtineret,
871 1571 1197 1634 contrahit
1263 1570 1479 1652 copias
1545 1570 1936 1653 fratremque
1994 1570 2323 1634 Tiridaten
2377 1569 2693 1657 deducere&
2742 1571 2813 1631 in

459 1681 729 1744 regnum
784 1661 996 1742 parat,
1050 1680 1132 1721 ne
1188 1681 1317 1741 qua
1375 1680 1524 1741 pars
1582 1659 1808 1723 domus
1866 1659 2002 1722 sine
2058 1658 2328 1741 imperio
2385 1661 2616 1742 ageret.
2718 1657 2814 1720 in-

416 1774 443 1812 5
463 1768 644 1811 cessu
687 1745 1080 1810 Parthorum
1127 1747 1263 1811 sine
1311 1747 1443 1811 acie
1488 1747 1663 1830 pulsi
1698 1746 1947 1830 Hiberi,
1992 1747 2310 1830 urbesque
2355 1745 2815 1809 Armeniorum

461 1833 778 1900 Artaxata
821 1839 886 1899 et
932 1835 1395 1922 Tigranocerta
1438 1836 1665 1922 iugum
1713 1857 2024 1919 accepere.
2107 1835 2335 1899 deinde
2382 1839 2568 1899 atrox
2605 1834 2816 1900 hiems

462 1930 526 1990 et
589 1948 817 2010 parum
886 1925 1131 2008 provisi
1195 1929 1590 1990 commeatus
1655 1928 1721 1989 et
1783 1929 1926 1988 orta
1979 1947 2057 1988 ex
2111 1928 2387 2007 utroque
2441 1924 2622 1988 tabes
2677 1946 2818 2007 per-

461 2016 715 2099 pellunt
757 2014 1128 2101 Vologesen
1173 2014 1472 2079 omittere
1517 2014 1896 2097 praesentia.
1988 2034 2380 2094 vacuamque
2426 2035 2649 2078 rursus
2696 2011 2818 2076 Ar-

464 2106 743 2170 meniam
780 2103 1192 2169 Radamistus
1238 2104 1493 2188 invasit,
1539 2103 1965 2169 truculentior
2009 2124 2200 2186 quam
2240 2105 2442 2185 antea,
2488 2105 2816 2185 tamquam

392 2220 444 2257 10
464 2195 767 2260 adversus
842 2194 1195 2258 defectores
1271 2198 1338 2257 et
1409 2194 1478 2256 in
1543 2197 1833 2276 ternpore
1901 2191 2338 2256 rebellaturos.
2447 2194 2637 2274 atque
2702 2190 2817 2273 illi,

464 2282 757 2363 quamvis
805 2282 1067 2344 servitio
1116 2281 1299 2363 sueti,
1343 2282 1723 2361 patientiam
1772 2281 2163 2362 abrumpunt
2209 2279 2527 2362 armisque
2573 2279 2816 2363 regiam

467 2367 993 2431 circumveniunt.

353 2454 438 2518 51
640 2453 779 2517 Nec
826 2452 1000 2514 aliud
1036 2451 1412 2514 Radamisto
1453 2452 1811 2514 subsidium
1849 2454 1975 2515 fuit
2010 2476 2206 2535 ,quam
2244 2456 2589 2538 pernicitas
2627 2477 2819 2538 equo-

461 2563 635 2623 rum,
699 2538 842 2622 quis
900 2558 1091 2619 seque
1148 2542 1213 2600 et
1268 2538 1608 2622 coniugem
1665 2538 1946 2602 abstulit.
2051 2541 2161 2603 sed
2219 2545 2499 2607 coniunx
2555 2544 2819 2629 gravida

460 2628 736 2711 primam
792 2628 1138 2706 utcumque
1195 2625 1417 2710 fugam
1474 2625 1556 2688 ob
1614 2629 1857 2689 metum
1910 2626 2216 2692 hostilem
2273 2635 2340 2693 et
2394 2634 2614 2696 mariti
2659 2633 2816 2696 cari-

462 2719 662 2778 tatem
726 2712 1052 2799 toleravit3
1115 2716 1290 2797 post,
1354 2713 1764 2777 festinatione
1831 2715 2136 2779 continua
2190 2718 2302 2781 ubi
2359 2722 2540 2804 quati
2595 2725 2815 2785 uterus

459 2926 581 2979 dem
631 2927 924 2995 yymnasia
974 2933 1211 2981 sectatur
1264 2934 1364 2980 aut
1400 2928 1648 2995 porticus
1695 2942 1794 2979 nec
1843 2926 2310 2994 disputationibus
2364 2929 2542 2999 lonyis
2578 2931 2815 2985 aliorum

460 2997 634 3052 otium
686 3014 949 3066 suumque
1001 2999 1240 3053 delectat.
1316 2997 1475 3050 Auch
1512 2996 1700 3062 Quint.
1733 3003 1782 3064 2,
1814 3002 1898 3064 12,
1930 3003 1995 3050 12
2051 2999 2379 3066 inquirendo
2433 3001 2818 3070 scribendoque

460 3069 604 3123 talia
638 3069 973 3121 consolemur
1008 3069 1179 3123 otium
1213 3076 1460 3122 nostrum
1494 3068 1630 3121 ruht
1657 3067 1759 3121 auf
1790 3067 2084 3121 derselben
2113 3068 2510 3140 Anschauung.
2547 3073 2554 3139 Ι
2589 3077 2637 3124 5.
2678 3078 2814 3127 tam-

462 3156 627 3208 quam
662 3138 1065 3204 reciperaturus
1105 3138 1212 3190 ‘als
1249 3138 1413 3191 wolle
1450 3154 1511 3192 er
1549 3139 1669 3191 sich
1704 3137 1912 3192 wieder
1946 3138 2389 3208 bemachtigen',
2427 3156 2488 3193 so
2538 3148 2818 3210 tamquam

461 3209 570 3263 mit
616 3209 745 3261 dem
789 3207 940 3261 Part.
980 3207 1105 3262 Fut.
1146 3213 1206 3275 6,
1247 3213 1314 3260 36
1360 3209 1477 3261 und
1521 3207 1655 3261 hist.
1694 3215 1754 3276 4,
1796 3215 1860 3261 19
1905 3210 2052 3263 nach
2098 3209 2291 3263 Livius
2338 3228 2381 3264 z.
2412 3210 2472 3263 B.
2515 3216 2607 3278 21,
2647 3218 2741 3278 61,
2784 3217 2811 3264 1

462 3287 499 3336 t.
529 3295 868 3345 occursurus,
899 3283 985 3345 36,
1004 3284 1092 3346 41,
1115 3283 1143 3331 1
1174 3286 1210 3332 t.
1240 3295 1353 3332 non
1380 3280 1702 3334 transituris
1729 3281 1792 3334 in
1809 3281 2005 3335 Asiam
2024 3281 2308 3334 Romanis.
2365 3279 2474 3333 Mit
2502 3280 2630 3333 dem
2658 3281 2811 3335 Part.

463 3351 609 3405 Perf.
647 3351 803 3404 Pass,
843 3349 996 3402 steht
1032 3356 1312 3418 tamquam
1349 3366 1475 3403 ann.
1510 3355 1594 3417 13,
1624 3356 1710 3418 20,
1746 3350 1876 3405 hist.
1910 3356 1959 3418 1,
1987 3355 2083 3418 48;
2122 3357 2172 3417 3,
2205 3356 2298 3416 51;
2335 3355 2389 3417 4,
2419 3354 2505 3417 32,
2541 3349 2648 3403 mit
2685 3350 2813 3404 dem

463 3422 591 3476 Abl.
632 3421 749 3475 abs.
790 3437 917 3474 ann.
951 3425 1035 3487 13,
1064 3424 1158 3486 433
1195 3418 1326 3473 hist.
1356 3425 1408 3487 4,
1440 3425 1523 3474 20.
1560 3423 1567 3491 Ι
1601 3426 1649 3474 8.
1688 3421 1833 3475 ultro
1873 3420 2395 3491 ‘unaufgefordert'.
2467 3422 2474 3489 Ι
2540 3422 2815 3477 cohortari

464 3492 572 3547 mit
609 3493 737 3547 dem
763 3490 1030 3558 Infinitiv‚
1068 3489 1175 3544 wie
1212 3489 1466 3560 h'aufiger
1499 3493 1712 3546 hortari
1748 3492 1865 3544 und
1900 3509 2127 3560 monere,
2168 3509 2209 3545 s.
2243 3496 2327 3558 11,
2361 3498 2409 3559 1,
2447 3498 2495 3546 5.
2531 3493 2539 3561 Ι
2572 3498 2621 3547 9.
2661 3494 2815 3548 adest

463 3572 654 3621 auctor
710 3564 809 3618 ‘ist
851 3563 972 3616 ihm
1007 3561 1336 3630 Rfickhalt’,
1390 3561 1520 3615 weil
1557 3578 1617 3615 er
1665 3562 1765 3616 ihn
1801 3562 1861 3614 in
1898 3561 2110 3616 seinem
2145 3562 2449 3617 Vorhaben
2484 3563 2759 3620 bestarkt.
2803 3565 2810 3638 Ι

467 3640 549 3688 10.
588 3638 885 3691 coniectare
924 3631 1281 3688 ‘beurteilen’
1324 3652 1364 3688 s.
1404 3650 1473 3685 zu
1513 3637 1562 3701 1,
1592 3639 1678 3700 32,
1710 3637 1792 3687 14.
1845 3634 1852 3702 Ι
1901 3632 2193 3687 Helvidius
2229 3633 2308 3687 ist
2343 3635 2816 3690 wahrscheinlich

466 3705 744 3774 derselbe,
793 3707 891 3760 der
925 3705 1004 3759 im
1041 3706 1088 3760 J.
1120 3710 1188 3758 56
1226 3706 1391 3758 unter
1425 3704 1577 3757 Nero
1614 3702 1985 3758 Volkstribun
2021 3721 2154 3758 war.
2234 3711 2317 3774 13,
2349 3712 2434 3760 28.
2504 3708 2513 3777 Ι
2584 3713 2666 3762 12.
2704 3709 2818 3763 Der

468 3777 690 3830 Taurus
725 3779 916 3830 trennt
951 3774 1364 3845 Kappadokien
1399 3792 1511 3828 von
1550 3774 1748 3843 Syrien
1784 3774 1900 3827 und
1938 3773 2188 3828 Cilicien.

644 3846 740 3900 50.
783 3853 829 3900 1.
869 3864 1056 3901 casum
1093 3848 1235 3899 statt
1270 3847 1617 3914 occasionem,
1656 3863 1696 3898 S.
1736 3863 1804 3898 zu
1844 3851 1893 3911 1,
1925 3849 2009 3912 13,
2039 3850 2087 3900 9.
2141 3847 2148 3914 Ι
2206 3851 2257 3901 4.
2297 3849 2514 3902 incessu
2550 3851 2694 3902 statt
2729 3852 2817 3903 in-

464 3918 700 3984 vasione,
737 3916 843 3969 wie
880 3921 933 3983 4,
962 3921 1032 3967 24
1062 3918 1244 3982 primo
1279 3918 1370 3970 sui
1404 3918 1619 3971 incessu
1653 3916 1813 3971 solvit
1858 3917 2143 3970 obsidium.
2213 3918 2223 3987 Ι
2291 3924 2340 3972 6.
2378 3919 2682 3984 Artaxata,
2721 3918 2814 3973 die

463 3985 765 4054 Residenz,
821 3986 919 4053 lag
953 3985 1235 4054 nordlich,
1293 4004 1385 4039 am
1429 3987 1624 4040 Flusse
1679 3988 1915 4055 Araxesg
1973 3985 2376 4056 Tigranocerta
2435 3988 2814 4059 siidwestlich‚

466 4061 614 4113 etwa
651 4055 772 4110 drei
807 4055 1016 4110 Meilen
1051 4073 1183 4109 vom
1221 4057 1427 4111 oberen
1463 4057 1665 4127 Tigris.
1701 4058 1709 4126 Ι
1745 4062 1792 4110 7.
1822 4058 2118 4126 perpellere
2153 4056 2261 4111 mit
2297 4057 2426 4111 dem
2460 4057 2728 4128 Infinitiv,
2769 4078 2810 4114 s,

464 4147 533 4183 zu
575 4134 657 4197 11,
688 4133 773 4196 29,
805 4133 886 4180 12.
921 4128 929 4197 Ι
965 4132 1047 4180 10.
1087 4130 1151 4179 in
1185 4134 1416 4195 tempore
1454 4130 1569 4196 (‘zu
1606 4127 1906 4197 gelegener
1942 4127 2105 4195 Zeit’,
2145 4145 2187 4182 s,
2227 4146 2295 4181 zu
2336 4135 2383 4197 1,
2416 4134 2465 4197 1,
2496 4130 2550 4197 2)
2587 4132 2813 4184 rebella-

464 4209 615 4255 turos
668 4198 815 4252 nach
871 4197 998 4250 dem
1043 4196 1312 4265 Vorgang
1367 4198 1465 4251 des
1523 4198 1735 4251 Sallust
1783 4198 1850 4251 Η.
1881 4199 1908 4251 Ι
1937 4204 2004 4251 20
2034 4199 2154 4267 Kr.,
2196 4204 2261 4251 18
2291 4199 2356 4252 D.
2411 4201 2619 4267 ferocia
2673 4203 2817 4271 reyis

467 4270 819 4324 Mithridatis
853 4268 917 4336 in
953 4274 1184 4334 tempore
1217 4269 1547 4322 rebellaturi.
2218 4263 2229 4276 ⁴

644 4338 741 4391 51.
781 4344 829 4391 2.
869 4325 1021 4389 Uber
1056 4353 1210 4405 seque
1247 4344 1297 4392 et
1333 4356 1373 4390 s,
1412 4337 1557 4391 Einl.
1597 4345 1627 4402 ξ
1657 4343 1741 4406 65,
1769 4338 1822 4392 b.
1859 4340 1866 4407 Ι
1900 4345 1948 4392 3.
1987 4345 2274 4406 utcumque
2302 4366 2369 4385 =
2409 4341 2816 4411 qualiscumque

465 4414 605 4474 erat,
663 4407 768 4458 wie
807 4413 855 4474 2,
889 4412 956 4459 14
1005 4408 1246 4474 primam
1291 4415 1562 4476 utcunque
1607 4410 1775 4462 aciem
1819 4409 2106 4464 hastatam.
2142 4412 2149 4478 Ι
2197 4414 2245 4462 4.
2284 4411 2382 4465 ubi
2417 4413 2587 4479 quati.
2663 4400 2817 4466 'Uber

393 4717 704 4787 Α.
