3075 4800
427 182 555 247 116
779 181 1117 236 CORNELII
1152 181 1393 238 TACITI
1428 182 1524 236 AB
1560 181 1883 237 EXCESSU
1918 182 2074 236 DIVI
2109 181 2425 237 AUGUSTI

345 370 398 410 25
427 366 620 427 quam
666 344 863 409 ceteri
909 345 1345 427 miseratione,
1399 345 1553 427 quia
1596 344 1919 428 proditam
1966 343 2127 409 Gaio
2176 343 2432 409 Caesari
2487 346 2782 410 coniura-

423 433 669 498 tionem
715 433 795 497 ab
841 455 916 498 eo
963 434 1401 497 meminerant.

324 522 404 586 18
602 520 700 586 De
754 521 1060 586 Petronio
1114 542 1318 605 pauca
1371 543 1565 605 supra
1617 521 1963 605 repetenda
2017 525 2184 587 sunt.
2274 543 2425 585 nam
2485 521 2584 585 illi
2640 522 2779 586 dies

424 632 541 694 per
587 631 911 693 somnum,
955 631 1087 673 nox
1132 609 1365 673 officiis
1411 614 1477 674 et
1522 610 2008 675 oblectamentis
2054 610 2224 674 vitae
2269 610 2781 696 transigebatur3

426 702 628 782 utque
684 699 845 763 alios
901 697 1244 781 industria,
1298 698 1392 761 ita
1443 698 1617 763 hunc
1671 699 1929 784 ignavia
1981 699 2062 762 ad
2106 699 2347 762 famam
2399 699 2781 782 protulerat,

425 787 907 871 habebaturque
962 808 1095 851 non
1142 807 1346 870 ganeo
1400 791 1467 850 et
1516 788 1926 872 profligator,
1980 790 2055 851 ut
2108 786 2399 871 plerique
2455 809 2571 851 sua
2623 787 2782 851 hau-

372 901 400 941 5
426 876 758 958 rientium,
811 875 923 939 sed
969 875 1220 939 erudito
1265 875 1440 939 luxu.
1530 897 1606 940 ac
1652 876 1824 940 dicta
1866 876 2164 959 factaque
2209 876 2345 940 eius
2392 879 2633 959 quanto
2680 897 2781 941 so-

427 964 666 1028 lutiora
703 967 770 1027 et
807 963 1126 1048 quandam
1164 963 1267 1028 sui
1302 964 1779 1048 neglegentiam
1815 964 2259 1047 praeferentia,
2304 968 2486 1028 tanto
2531 964 2781 1049 gratius

428 1052 496 1116 in
540 1053 817 1134 speciem
864 1052 1299 1136 simplicitatis
1346 1052 1841 1136 accipiebantur.
1930 1074 2049 1135 pro
2097 1052 2359 1117 consule
2408 1056 2627 1117 tamen
2670 1052 2783 1116 Bi-

426 1139 692 1223 thyniae
739 1145 802 1205 et
847 1163 999 1204 mox
1045 1141 1272 1205 consul
1314 1141 1640 1225 vigentem
1685 1162 1755 1205 se
1791 1162 1868 1204 ac
1902 1162 2122 1224 parem
2159 1141 2440 1226 negotiis
2479 1142 2780 1206 ostendit.

430 1228 578 1292 dein
623 1229 953 1293 revolutus
1000 1230 1082 1293 ad
1125 1229 1312 1313 vitia,
1369 1251 1480 1294 seu
1525 1229 1834 1319 vitiorum
1879 1229 2269 1312 imitatione,
2324 1230 2495 1293 inter
2542 1250 2784 1313 paucos

351 1345 403 1385 10
429 1316 847 1381 familiarium
884 1316 1130 1383 Neroni
1166 1318 1545 1401 adsumptus
1582 1322 1682 1382 est
1718 1316 2074 1401 elegantiae
2110 1318 2370 1401 arbiter,
2416 1317 2570 1381 dum
2613 1317 2785 1382 nihil

431 1427 772 1470 amoenum
819 1409 886 1470 et
929 1406 1124 1470 molle
1170 1407 1517 1471 adfluentia
1556 1410 1762 1490 putat,
1806 1406 1934 1470 nisi
1983 1407 2155 1490 quod
2192 1406 2252 1470 ei
2286 1406 2630 1470 Petronius
2676 1406 2785 1470 ad-

429 1495 848 1577 probavisset.
939 1495 1107 1559 unde
1171 1494 1414 1560 invidia
1475 1495 1781 1579 Tigellini
1845 1495 2030 1578 quasi
2093 1495 2394 1559 adversus
2457 1494 2786 1559 aemulum

432 1586 497 1647 et
542 1583 811 1648 scientia
864 1582 1271 1666 voluptatum
1325 1583 1663 1666 potiorem.
1747 1604 1901 1668 ergo
1953 1582 2398 1648 crudelitatem
2451 1583 2785 1667 principis,

433 1671 539 1735 cui
593 1676 839 1735 ceterae
892 1671 1192 1735 libidines
1249 1672 1584 1756 cedebant,
1637 1672 2035 1757 adgreditur,
2091 1671 2441 1736 amicitiam
2490 1670 2786 1736 Scaevini

354 1786 404 1826 15
430 1759 736 1824 Petronio
803 1759 1159 1843 obiectans,
1223 1764 1526 1844 corrupto
1593 1761 1673 1824 ad
1735 1760 2048 1825 indicium
2111 1782 2293 1825 servo
2360 1761 2785 1843 ademptaque

434 1848 804 1912 defensione
851 1851 916 1911 et
961 1849 1203 1912 maiore
1247 1852 1429 1931 parte
1474 1849 1759 1913 familiae
1804 1849 1874 1913 in
1922 1848 2131 1913 vincla
2173 1851 2374 1932 rapta.

208 2032 215 2041 δ
330 1939 413 2002 19
612 1936 806 2000 Forte
852 1936 984 2000 illis
1030 1937 1254 2001 diebus
1303 1936 1719 2020 Campaniam
1765 1937 2083 2021 petiverat
2128 1936 2386 2021 Caesar,
2438 1941 2503 2000 et
2549 1935 2787 2001 Cumas

436 2045 639 2106 usque
692 2045 1072 2108 progressus
1125 2024 1468 2089 Petronius
1534 2026 1670 2089 illic
1732 2026 2154 2111 attinebatur3
2214 2047 2334 2090 nec
2395 2020 2551 2089 tulit
2615 2025 2790 2089 ulla-a

435 2112 690 2178 timoris
746 2116 857 2176 aut
902 2115 1040 2196 spei
1086 2135 1316 2177 moras.
1405 2135 1614 2197 neque
1660 2118 1879 2178 tamen
1921 2135 2225 2197 praeceps
2271 2115 2474 2178 vitam
2521 2113 2789 2201 expulit,

436 2201 550 2264 sed
594 2200 829 2266 incisas
873 2223 1095 2285 venas,
1144 2206 1219 2265 ut
1262 2202 1552 2287 libitum,
1609 2201 1928 2286 obligatas
1974 2203 2221 2285 aperire
2268 2224 2524 2266 rursum
2572 2206 2637 2265 et
2681 2202 2789 2265 adss

383 2317 410 2358 5
436 2289 617 2371 loqui
675 2290 942 2372 amicOS,
1004 2311 1139 2353 non
1190 2312 1307 2373 per
1361 2292 1526 2354 seria
1589 2295 1702 2355 aut
1766 2290 1999 2374 quibus
2055 2290 2329 2376 gloriam
2389 2291 2789 2354 constantiae

437 2380 704 2462 peteret.
796 2378 1221 2463 audiebatque
1267 2379 1644 2464 referentes,
1692 2378 1860 2443 nihil
1907 2379 1983 2443 de
2029 2377 2493 2444 inmortalitate
2539 2379 2791 2443 animae

441 2470 505 2530 et
550 2468 936 2550 sapientium
972 2467 1246 2551 placitis,
1293 2468 1402 2531 sed
1440 2468 1607 2531 levia
1645 2470 1929 2532 carmina
1973 2471 2038 2532 et
2077 2468 2299 2532 faciles
2337 2490 2577 2532 versus.
2662 2490 2791 2532 ser-

622 2682 707 2731 25.
747 2676 1194 2744 coniurationem,
1230 2675 1310 2728 im
1345 2675 1379 2729 J
1380 2676 1514 2730 ahre
1552 2682 1638 2729 40.

620 2763 718 2819 is.
777 2770 825 2817 2.
875 2764 1075 2832 officiis
1123 2763 1701 2834 ‘gesellschaftliohen
1745 2763 2063 2819 Pffiohien’.
2120 2767 2141 2887 i
2193 2771 2241 2820 3.
2289 2750 2442 2820 Uber
2482 2766 2795 2835 protulerat

440 2854 485 2890 s.
524 2854 593 2888 zu
632 2840 724 2903 12,
764 2840 823 2903 3,
863 2840 910 2888 9.
972 2837 981 2905 Ι
1038 2840 1088 2889 4.
1138 2842 1186 2890 et
1230 2835 1310 2889 im
1353 2835 1656 2905 negativen
1693 2836 1880 2890 Satze:
1932 2853 1972 2889 ε.
2010 2835 2156 2889 Ein.
2196 2841 2226 2901 ξ
2260 2841 2345 2890 61.
2404 2838 2413 2905 Ι
2470 2838 2797 2907 profliyator

446 2905 946 2973 ‘Verschwender’,
984 2904 1045 2957 in
1083 2904 1294 2960 diesem
1323 2904 1492 2959 Sinne
1529 2905 1625 2960 ἅπ.
1667 2906 1766 2974 elo.
1827 2907 1836 2976 Ι
1896 2912 1945 2960 5.
1984 2907 2196 2962 erudito
2234 2908 2391 2973 luxu,
2425 2906 2659 2961 Ablativ
2695 2908 2796 2962 der

441 2975 810 3045 Eigenschaft
853 2975 949 3030 bei
993 2977 1182 3031 haberi
1190 3018 1207 3044 ‚
1261 2976 1368 3030 wie
1408 2983 1465 3044 6,
1501 2982 1571 3030 48
1619 2977 1836 3032 Balbus
1887 2978 2032 3032 mci
2076 2978 2382 3046 eloquentia
2424 2979 2739 3033 habebatur.
2783 2978 2791 3050 Ι

447 3053 493 3101 7.
534 3047 775 3115 accipere
807 3047 871 3101 in
911 3046 1017 3099 ‘als
1054 3049 1227 3101 etwas
1266 3046 1645 3117 aufnehmen’‚
1683 3065 1726 3102 s.
1764 3065 1834 3100 zu
1863 3053 1912 3116 6,
1944 3052 2027 3116 13,
2058 3053 2106 3100 9.
2154 3050 2163 3117 Ι
2212 3048 2597 3117 simplicitatis,
2661 3049 2798 3102 Man

442 3118 616 3171 nahm
664 3117 816 3172 seine
863 3118 1072 3170 derben
1117 3117 1293 3171 Zoten
1344 3117 1428 3171 als
1476 3116 1673 3187 Spasse
1720 3117 1874 3172 eines
1919 3117 2239 3172 harmlosen
2282 3118 2588 3173 Menschen
2635 3119 2747 3173 auf.
2782 3119 2791 3190 Ι

445 3195 494 3244 9.
533 3190 823 3254 revolutam,
861 3205 901 3242 s.
930 3193 981 3255 4,
1013 3193 1062 3255 9,
1092 3194 1124 3241 3
1164 3206 1233 3241 zu
1261 3189 1337 3242 ad
1362 3205 1512 3242 vana
1545 3206 1590 3242 r.
1644 3190 1651 3258 Ι
1704 3193 1786 3243 10.
1826 3190 2125 3259 eleyantiae
2161 3191 2365 3245 arbiter
2401 3189 2508 3244 ‘als
2537 3189 2797 3243 Schieds-

444 3259 654 3313 richter
698 3257 760 3311 in
796 3258 1015 3311 Sachen
1061 3259 1157 3311 des
1206 3257 1532 3328 (hofischen)
1570 3257 1973 3328 Geschmacks,
2018 3259 2128 3328 vgl.
2167 3259 2298 3314 hist.
2340 3267 2398 3328 1,
2440 3266 2504 3314 73
2544 3261 2794 3329 (Calvia)

443 3331 711 3400 ‘magistra
765 3328 1083 3396 libidinum,
1138 3346 1296 3383 wozu
1339 3328 1591 3383 Heraeus
1637 3329 1919 3385 bemerkt:
1981 3330 1999 3357 ‘
2013 3330 2206 3384 Calvia
2258 3331 2418 3384 hatte
2462 3330 2611 3384 wohl
2669 3329 2797 3384 eine

444 3398 710 3453 ahnliche
748 3396 1007 3468 Stellung
1041 3398 1101 3451 in
1135 3399 1313 3453 Netos
1350 3399 1689 3470 Umgebung
1726 3400 2169 3471 eingenommen,
2205 3401 2313 3455 wie
2341 3400 2653 3467 Petronius,
2694 3401 2797 3454 der

446 3470 531 3523 als
569 3470 776 3525 arbiter
811 3470 1106 3540 eleyantiae
1146 3470 1255 3524 den
1290 3474 1493 3524 maitre
1522 3471 1621 3525 des
1649 3487 1845 3525 menus
1871 3471 2099 3542 plaisirs
2136 3471 2351 3541 spielte.
2383 3503 2451 3511 —
2481 3471 2562 3525 Zu
2588 3472 2797 3526 arbiter

448 3541 665 3595 stimmt
706 3539 974 3609 fibrigens
1021 3540 1121 3595 der
1165 3541 1268 3593 auf
1308 3541 1418 3595 den
1455 3540 1644 3595 Titeln
1682 3542 1783 3597 der
1817 3542 2258 3597 Handschriften
2307 3541 2576 3596 stehende
2614 3541 2797 3596 Name

445 3610 741 3666 Petronius
778 3610 1019 3665 Arbiter.
1081 3613 1089 3680 Ι
1150 3617 1233 3664 11.
1263 3618 1433 3681 putat
1468 3630 1542 3667 sc.
1583 3613 1762 3680 Nero,
1806 3613 1907 3667 der
1944 3614 2089 3667 auch
2127 3614 2229 3666 das
2265 3612 2518 3682 logische
2556 3611 2801 3681 Subjekt

449 3684 546 3737 des
592 3682 966 3752 Hauptsatzes
1011 3682 1211 3737 bildet.
1272 3687 1279 3749 Ι
1342 3689 1423 3737 12.
1472 3683 1780 3753 adprobare
1834 3685 2007 3739 alicui
2060 3685 2276 3754 aliquid
2323 3690 2411 3754 (=
2449 3684 2685 3751 efficere,
2739 3688 2803 3738 ut

448 3754 665 3822 aliquid
718 3754 990 3822 probetur)
1050 3758 1114 3806 15
1127 3796 1141 3821 ‚
1190 3759 1256 3807 59
1271 3798 1284 3822 ‚
1338 3753 1469 3824 Agr.
1511 3759 1543 3806 5
1582 3756 1774 3823 prima
1826 3761 2128 3809 castrorum
2174 3756 2487 3810 rudimenta
2542 3754 2804 3809 Suetonio

449 3826 695 3878 Paulino
733 3825 1071 3893 adprobavit.
1122 3825 1130 3894 Ι
1179 3829 1262 3879 14.
1302 3825 1622 3895 adyreditwr
1652 3827 1735 3879 ‘er
1765 3826 1990 3883 wendet
2018 3824 2139 3879 sich
2167 3826 2282 3880 an’.
2338 3825 2466 3896 Vgl.
2494 3824 2628 3880 hist.
2663 3830 2711 3893 1,
2736 3829 2801 3878 78

452 3896 741 3975 Ζανρίιίοηε
769 3896 1189 3962 provinciarum
1225 3896 1437 3950 animos
1464 3895 1766 3967 adyressus
1818 3898 1827 3967 Ι
1879 3901 1962 3950 15.
2003 3896 2303 3951 Scaevinus
2330 3895 2471 3950 wird
2503 3900 2588 3963 15,
2615 3902 2687 3949 49
2717 3895 2802 3949 als

452 3964 805 4020 Teilnehmer
843 3981 917 4017 an
955 3966 1053 4019 der
1088 3965 1534 4036 Verschworung
1573 3967 1669 4020 des
1706 3966 1838 4021 Piso
1876 3969 2151 4036 genannt3
2191 3984 2250 4022 er
2285 3984 2403 4021 war
2440 3966 2690 4021 Senator.

632 4052 726 4107 19.
782 4058 832 4107 3.
869 4057 1040 4108 vitam
1075 4054 1300 4123 expulit.
1358 4053 1578 4108 Anders
1613 4055 1760 4108 noch
1788 4054 1899 4108 Cic.
1936 4073 1991 4124 p.
2021 4056 2162 4109 Mur.
2202 4062 2233 4122 ξ
2262 4063 2330 4110 34
2366 4057 2525 4110 illwm
2560 4056 2678 4110 vita
2712 4071 2805 4108 ex-

447 4126 612 4193 pulit.
673 4125 680 4192 Ι
739 4129 789 4178 4.
827 4124 1032 4179 incisas
1066 4142 1232 4179 venas
1269 4124 1685 4195 (ursprfinglich
1720 4142 1848 4179 vom
1882 4126 2121 4195 Kappen
2158 4126 2257 4180 der
2293 4126 2473 4193 Taue‚
2512 4126 2604 4179 fur
2638 4127 2805 4180 inter-

455 4196 631 4249 cidere
657 4192 763 4247 wie
790 4192 922 4247 hist.
953 4199 1002 4263 5,
1032 4201 1099 4248 22
1126 4196 1318 4251 incisis
1343 4198 1821 4251 tabernaculorum
1846 4198 2079 4263 funibus
2105 4197 2251 4251 nach
2278 4197 2445 4267 Verg.
2466 4196 2604 4250 Aen.
2628 4202 2679 4265 3,
2700 4201 2804 4250 667

456 4266 713 4334 tacitique
749 4265 986 4319 incidere
1019 4267 1226 4337 funem)
1264 4268 1438 4321 sehon
1476 4266 1587 4322 Cic.
1628 4268 1697 4321 de
1733 4268 1853 4321 har.
1891 4284 2033 4337 resp.
2074 4273 2104 4334 ξ
2134 4273 2201 4321 35
2239 4268 2606 4322 crudelissime
2641 4283 2808 4321 venas

457 4336 730 4391 incideret.
791 4335 800 4405 Ι
858 4342 921 4390 ut
957 4337 1196 4403 libitum,
1242 4339 1509 4409 obligatas
1548 4364 1615 4384 =
1653 4339 1948 4409 obliyatas,
1993 4346 2057 4394 ut
2101 4339 2331 4393 libitum.
2392 4339 2402 4409 Ι
2464 4346 2510 4393 7.
2555 4339 2809 4393 carmina
