<?xml version="1.0" encoding="UTF-8"?>
<!DOCTYPE html PUBLIC "-//W3C//DTD XHTML 1.0 Transitional//EN"
    "http://www.w3.org/TR/xhtml1/DTD/xhtml1-transitional.dtd">
<html xmlns="http://www.w3.org/1999/xhtml" xml:lang="en" lang="en">
 <head>
  <title>
</title>
<meta http-equiv="Content-Type" content="text/html;charset=utf-8" />
  <meta name='ocr-system' content='tesseract 3.04.00' />
  <meta name='ocr-capabilities' content='ocr_page ocr_carea ocr_par ocr_line ocrx_word'/>
</head>
<body>
  <div class='ocr_page' id='page_1' title='image "./dieannalendesta01draegoog_0069.png"; bbox 0 0 3075 4800; ppageno 0'>
   <div class='ocr_carea' id='block_1_1' title="bbox 1038 251 2645 320">
    <p class='ocr_par' dir='ltr' id='par_1_1' title="bbox 1038 251 2645 320">
     <span class='ocr_line' id='line_1_1' title="bbox 1038 251 2645 320; baseline 0.003 -16"><span class='ocrx_word' id='word_1_1' title='bbox 1038 251 1256 305; x_wconf 85' lang='lat' dir='ltr'>LIBER</span> <span class='ocrx_word' id='word_1_2' title='bbox 1292 251 1409 307; x_wconf 84' lang='lat' dir='ltr'><strong>XII.</strong></span> <span class='ocrx_word' id='word_1_3' title='bbox 1466 251 1619 307; x_wconf 91' lang='lat' dir='ltr'><strong>CAP.</strong></span> <span class='ocrx_word' id='word_1_4' title='bbox 1658 257 1887 307; x_wconf 81' lang='lat'><strong>49—52.</strong></span> <span class='ocrx_word' id='word_1_5' title='bbox 2558 256 2645 320; x_wconf 83' lang='lat'><strong>65</strong></span> 
     </span>
    </p>
   </div>
   <div class='ocr_carea' id='block_1_2' title="bbox 270 413 2743 2354">
    <p class='ocr_par' dir='ltr' id='par_1_2' title="bbox 270 413 2712 1538">
     <span class='ocr_line' id='line_1_2' title="bbox 270 413 2687 500; baseline 0.001 -21"><span class='ocrx_word' id='word_1_6' title='bbox 270 418 355 479; x_wconf 84' lang='lat' dir='ltr'><strong>et</strong></span> <span class='ocrx_word' id='word_1_7' title='bbox 399 413 646 478; x_wconf 88' lang='lat' dir='ltr'><strong>viscera</strong></span> <span class='ocrx_word' id='word_1_8' title='bbox 688 413 1044 497; x_wconf 72' lang='lat' dir='ltr'><strong>vibrantur,</strong></span> <span class='ocrx_word' id='word_1_9' title='bbox 1091 434 1291 498; x_wconf 89' lang='lat' dir='ltr'><strong>orare,</strong></span> <span class='ocrx_word' id='word_1_10' title='bbox 1336 418 1412 477; x_wconf 90' lang='lat' dir='ltr'><strong>ut</strong></span> <span class='ocrx_word' id='word_1_11' title='bbox 1450 417 1659 478; x_wconf 90' lang='lat' dir='ltr'><strong>morte</strong></span> <span class='ocrx_word' id='word_1_12' title='bbox 1694 414 1967 478; x_wconf 89' lang='lat' dir='ltr'><strong>honesta</strong></span> <span class='ocrx_word' id='word_1_13' title='bbox 2002 415 2408 481; x_wconf 87' lang='lat' dir='ltr'><strong>contumeliis</strong></span> <span class='ocrx_word' id='word_1_14' title='bbox 2445 418 2642 500; x_wconf 87' lang='lat' dir='ltr'><strong>capti·</strong></span> <span class='ocrx_word' id='word_1_15' title='bbox 2661 444 2687 483; x_wconf 82' lang='lat'>5</span> 
     </span>
     <span class='ocr_line' id='line_1_3' title="bbox 280 501 2643 588; baseline 0.001 -22"><span class='ocrx_word' id='word_1_16' title='bbox 280 503 511 568; x_wconf 90' lang='lat' dir='ltr'><strong>vitatis</strong></span> <span class='ocrx_word' id='word_1_17' title='bbox 585 501 988 566; x_wconf 79' lang='lat' dir='ltr'><strong>eximeretur.</strong></span> <span class='ocrx_word' id='word_1_18' title='bbox 1099 502 1208 566; x_wconf 91' lang='lat' dir='ltr'><strong>ille</strong></span> <span class='ocrx_word' id='word_1_19' title='bbox 1281 502 1491 585; x_wconf 94' lang='lat' dir='ltr'><strong>primo</strong></span> <span class='ocrx_word' id='word_1_20' title='bbox 1567 503 1869 585; x_wconf 73' lang='lat' dir='ltr'><strong>amplecti</strong></span> <span class='ocrx_word' id='word_1_21' title='bbox 1941 502 2233 567; x_wconf 87' lang='lat' dir='ltr'><strong>adlevare</strong></span> <span class='ocrx_word' id='word_1_22' title='bbox 2297 503 2643 588; x_wconf 89' lang='lat' dir='ltr'><strong>adhortari,</strong></span> 
     </span>
     <span class='ocr_line' id='line_1_4' title="bbox 279 589 2644 677; baseline 0.001 -23"><span class='ocrx_word' id='word_1_23' title='bbox 279 590 480 654; x_wconf 92' lang='lat' dir='ltr'><strong>modo</strong></span> <span class='ocrx_word' id='word_1_24' title='bbox 535 589 843 654; x_wconf 86' lang='lat' dir='ltr'><strong>virtutem</strong></span> <span class='ocrx_word' id='word_1_25' title='bbox 898 590 1247 674; x_wconf 86' lang='lat' dir='ltr'><strong>admirans,</strong></span> <span class='ocrx_word' id='word_1_26' title='bbox 1301 590 1494 654; x_wconf 91' lang='lat' dir='ltr'><strong>modo</strong></span> <span class='ocrx_word' id='word_1_27' title='bbox 1549 590 1783 655; x_wconf 91' lang='lat' dir='ltr'><strong>timore</strong></span> <span class='ocrx_word' id='word_1_28' title='bbox 1830 612 2046 677; x_wconf 81' lang='lat' dir='ltr'><strong>aeger,</strong></span> <span class='ocrx_word' id='word_1_29' title='bbox 2099 614 2181 656; x_wconf 91' lang='lat' dir='ltr'><strong>ne</strong></span> <span class='ocrx_word' id='word_1_30' title='bbox 2228 593 2373 677; x_wconf 89' lang='lat' dir='ltr'><strong>quis</strong></span> <span class='ocrx_word' id='word_1_31' title='bbox 2420 592 2644 657; x_wconf 87' lang='lat' dir='ltr'><strong>relicta</strong></span> 
     </span>
     <span class='ocr_line' id='line_1_5' title="bbox 277 678 2641 763; baseline 0.001 -21"><span class='ocrx_word' id='word_1_32' title='bbox 277 682 635 763; x_wconf 88' lang='lat' dir='ltr'><strong>poteretur.</strong></span> <span class='ocrx_word' id='word_1_33' title='bbox 726 681 1054 761; x_wconf 89' lang='lat' dir='ltr'><strong>postremo</strong></span> <span class='ocrx_word' id='word_1_34' title='bbox 1109 678 1418 742; x_wconf 90' lang='lat' dir='ltr'><strong>violentia</strong></span> <span class='ocrx_word' id='word_1_35' title='bbox 1472 679 1708 743; x_wconf 92' lang='lat' dir='ltr'><strong>amoris</strong></span> <span class='ocrx_word' id='word_1_36' title='bbox 1763 683 1829 743; x_wconf 91' lang='lat' dir='ltr'><strong>et</strong></span> <span class='ocrx_word' id='word_1_37' title='bbox 1882 680 2241 744; x_wconf 79' lang='lat' dir='ltr'><strong>facinorum</strong></span> <span class='ocrx_word' id='word_1_38' title='bbox 2286 702 2420 745; x_wconf 94' lang='lat' dir='ltr'><strong>non</strong></span> <span class='ocrx_word' id='word_1_39' title='bbox 2465 682 2641 745; x_wconf 87' lang='lat' dir='ltr'><strong>rudis</strong></span> 
     </span>
     <span class='ocr_line' id='line_1_6' title="bbox 276 766 2641 853; baseline 0.001 -22"><span class='ocrx_word' id='word_1_40' title='bbox 276 767 634 852; x_wconf 71' lang='lat' dir='ltr'><strong>destringit</strong></span> <span class='ocrx_word' id='word_1_41' title='bbox 708 766 1008 831; x_wconf 79' lang='lat' dir='ltr'><strong>acinacen</strong></span> <span class='ocrx_word' id='word_1_42' title='bbox 1079 766 1606 850; x_wconf 74' lang='lat' dir='ltr'><strong>vulneratamque</strong></span> <span class='ocrx_word' id='word_1_43' title='bbox 1679 767 1886 850; x_wconf 91' lang='lat' dir='ltr'><strong>ripam</strong></span> <span class='ocrx_word' id='word_1_44' title='bbox 1960 767 2040 832; x_wconf 87' lang='lat' dir='ltr'><strong>ad</strong></span> <span class='ocrx_word' id='word_1_45' title='bbox 2114 767 2349 833; x_wconf 84' lang='lat' dir='ltr'><strong>Araxis</strong></span> <span class='ocrx_word' id='word_1_46' title='bbox 2423 769 2641 853; x_wconf 84' lang='lat' dir='ltr'><strong>trahit,</strong></span> 
     </span>
     <span class='ocr_line' id='line_1_7' title="bbox 277 855 2712 941; baseline 0.002 -22"><span class='ocrx_word' id='word_1_47' title='bbox 277 855 540 919; x_wconf 84' lang='lat' dir='ltr'><strong>flumini</strong></span> <span class='ocrx_word' id='word_1_48' title='bbox 596 855 819 938; x_wconf 86' lang='lat' dir='ltr'><strong>tradit,</strong></span> <span class='ocrx_word' id='word_1_49' title='bbox 873 859 948 920; x_wconf 93' lang='lat' dir='ltr'><strong>ut</strong></span> <span class='ocrx_word' id='word_1_50' title='bbox 1002 876 1236 939; x_wconf 88' lang='lat' dir='ltr'><strong>corpus</strong></span> <span class='ocrx_word' id='word_1_51' title='bbox 1290 855 1484 920; x_wconf 89' lang='lat' dir='ltr'><strong>etiam</strong></span> <span class='ocrx_word' id='word_1_52' title='bbox 1542 856 1925 920; x_wconf 85' lang='lat' dir='ltr'><strong>auferretur:</strong></span> <span class='ocrx_word' id='word_1_53' title='bbox 1982 857 2119 939; x_wconf 92' lang='lat' dir='ltr'><strong>ipse</strong></span> <span class='ocrx_word' id='word_1_54' title='bbox 2174 879 2478 941; x_wconf 90' lang='lat' dir='ltr'><strong>praeceps</strong></span> <span class='ocrx_word' id='word_1_55' title='bbox 2525 857 2639 922; x_wconf 93' lang='lat' dir='ltr'><strong>Hi-</strong></span> <span class='ocrx_word' id='word_1_56' title='bbox 2660 885 2712 923; x_wconf 79' lang='grc' dir='ltr'><strong>ιο</strong></span> 
     </span>
     <span class='ocr_line' id='line_1_8' title="bbox 278 944 2641 1033; baseline 0.001 -25"><span class='ocrx_word' id='word_1_57' title='bbox 278 944 475 1008; x_wconf 91' lang='lat' dir='ltr'><strong>beros</strong></span> <span class='ocrx_word' id='word_1_58' title='bbox 550 944 630 1006; x_wconf 87' lang='lat' dir='ltr'><strong>ad</strong></span> <span class='ocrx_word' id='word_1_59' title='bbox 702 944 987 1026; x_wconf 88' lang='lat' dir='ltr'><strong>patrium</strong></span> <span class='ocrx_word' id='word_1_60' title='bbox 1050 966 1322 1030; x_wconf 85' lang='lat' dir='ltr'><strong>regnum</strong></span> <span class='ocrx_word' id='word_1_61' title='bbox 1384 944 1694 1026; x_wconf 82' lang='lat' dir='ltr'><strong>pervadit.</strong></span> <span class='ocrx_word' id='word_1_62' title='bbox 1805 945 2065 1009; x_wconf 88' lang='lat' dir='ltr'><strong>interim</strong></span> <span class='ocrx_word' id='word_1_63' title='bbox 2129 945 2477 1010; x_wconf 87' lang='lat' dir='ltr'><strong>Zenobiam</strong></span> <span class='ocrx_word' id='word_1_64' title='bbox 2544 944 2641 1033; x_wconf 90' lang='lat' dir='ltr'><strong>(id</strong></span> 
     </span>
     <span class='ocr_line' id='line_1_9' title="bbox 278 1030 2642 1118; baseline 0.002 -23"><span class='ocrx_word' id='word_1_65' title='bbox 278 1032 543 1096; x_wconf 89' lang='lat' dir='ltr'><strong>mulieri</strong></span> <span class='ocrx_word' id='word_1_66' title='bbox 605 1030 871 1118; x_wconf 91' lang='lat' dir='ltr'><strong>nomen)</strong></span> <span class='ocrx_word' id='word_1_67' title='bbox 934 1031 1187 1115; x_wconf 87' lang='lat' dir='ltr'><strong>placida</strong></span> <span class='ocrx_word' id='word_1_68' title='bbox 1248 1033 1320 1096; x_wconf 86' lang='lat' dir='ltr'><strong>in</strong></span> <span class='ocrx_word' id='word_1_69' title='bbox 1385 1032 1625 1097; x_wconf 88' lang='lat' dir='ltr'><strong>inluvie</strong></span> <span class='ocrx_word' id='word_1_70' title='bbox 1682 1033 2033 1116; x_wconf 81' lang='lat' dir='ltr'><strong>spirantem</strong></span> <span class='ocrx_word' id='word_1_71' title='bbox 2091 1055 2163 1098; x_wconf 88' lang='lat' dir='ltr'><strong>ac</strong></span> <span class='ocrx_word' id='word_1_72' title='bbox 2216 1035 2387 1098; x_wconf 88' lang='lat' dir='ltr'><strong>vitae</strong></span> <span class='ocrx_word' id='word_1_73' title='bbox 2442 1036 2642 1099; x_wconf 92' lang='lat' dir='ltr'><strong>mani-</strong></span> 
     </span>
     <span class='ocr_line' id='line_1_10' title="bbox 276 1119 2639 1209; baseline 0.001 -25"><span class='ocrx_word' id='word_1_74' title='bbox 276 1122 518 1186; x_wconf 85' lang='lat' dir='ltr'><strong>festam</strong></span> <span class='ocrx_word' id='word_1_75' title='bbox 564 1119 893 1184; x_wconf 87' lang='lat' dir='ltr'><strong>advertere</strong></span> <span class='ocrx_word' id='word_1_76' title='bbox 938 1125 1246 1204; x_wconf 88' lang='lat' dir='ltr'><strong>pastores,</strong></span> <span class='ocrx_word' id='word_1_77' title='bbox 1292 1124 1358 1184; x_wconf 91' lang='lat' dir='ltr'><strong>et</strong></span> <span class='ocrx_word' id='word_1_78' title='bbox 1403 1121 1718 1206; x_wconf 86' lang='lat' dir='ltr'><strong>dignitate</strong></span> <span class='ocrx_word' id='word_1_79' title='bbox 1764 1122 2008 1185; x_wconf 91' lang='lat' dir='ltr'><strong>formae</strong></span> <span class='ocrx_word' id='word_1_80' title='bbox 2053 1121 2226 1186; x_wconf 88' lang='lat' dir='ltr'><strong>haud</strong></span> <span class='ocrx_word' id='word_1_81' title='bbox 2263 1122 2639 1209; x_wconf 86' lang='lat' dir='ltr'><strong>degenerem</strong></span> 
     </span>
     <span class='ocr_line' id='line_1_11' title="bbox 278 1208 2641 1295; baseline 0.001 -22"><span class='ocrx_word' id='word_1_82' title='bbox 278 1213 656 1293; x_wconf 88' lang='lat' dir='ltr'><strong>reputantes</strong></span> <span class='ocrx_word' id='word_1_83' title='bbox 713 1208 1007 1295; x_wconf 86' lang='lat' dir='ltr'><strong>obligant</strong></span> <span class='ocrx_word' id='word_1_84' title='bbox 1060 1210 1319 1293; x_wconf 88' lang='lat' dir='ltr'><strong>vulnus,</strong></span> <span class='ocrx_word' id='word_1_85' title='bbox 1380 1210 1659 1294; x_wconf 88' lang='lat' dir='ltr'><strong>agrestia</strong></span> <span class='ocrx_word' id='word_1_86' title='bbox 1711 1210 2133 1275; x_wconf 89' lang='lat' dir='ltr'><strong>medicamina</strong></span> <span class='ocrx_word' id='word_1_87' title='bbox 2189 1210 2496 1275; x_wconf 86' lang='lat' dir='ltr'><strong>adhibent</strong></span> <span class='ocrx_word' id='word_1_88' title='bbox 2541 1232 2641 1276; x_wconf 87' lang='lat' dir='ltr'><strong>co-</strong></span> 
     </span>
     <span class='ocr_line' id='line_1_12' title="bbox 279 1296 2708 1385; baseline 0.001 -23"><span class='ocrx_word' id='word_1_89' title='bbox 279 1298 596 1382; x_wconf 83' lang='lat' dir='ltr'><strong>gnitoque</strong></span> <span class='ocrx_word' id='word_1_90' title='bbox 649 1297 911 1361; x_wconf 89' lang='lat' dir='ltr'><strong>nomine</strong></span> <span class='ocrx_word' id='word_1_91' title='bbox 956 1302 1022 1361; x_wconf 91' lang='lat' dir='ltr'><strong>et</strong></span> <span class='ocrx_word' id='word_1_92' title='bbox 1067 1318 1217 1362; x_wconf 89' lang='lat' dir='ltr'><strong>casu</strong></span> <span class='ocrx_word' id='word_1_93' title='bbox 1264 1297 1333 1361; x_wconf 92' lang='lat' dir='ltr'><strong>in</strong></span> <span class='ocrx_word' id='word_1_94' title='bbox 1377 1299 1604 1362; x_wconf 90' lang='lat' dir='ltr'><strong>urbem</strong></span> <span class='ocrx_word' id='word_1_95' title='bbox 1651 1296 1965 1362; x_wconf 80' lang='lat' dir='ltr'><strong>Artaxata</strong></span> <span class='ocrx_word' id='word_1_96' title='bbox 2008 1299 2253 1385; x_wconf 83' lang='lat' dir='ltr'><strong>ferunt3</strong></span> <span class='ocrx_word' id='word_1_97' title='bbox 2307 1299 2474 1363; x_wconf 90' lang='lat' dir='ltr'><strong>unde</strong></span> <span class='ocrx_word' id='word_1_98' title='bbox 2520 1322 2635 1382; x_wconf 85' lang='lat' dir='ltr'><strong>pu·</strong></span> <span class='ocrx_word' id='word_1_99' title='bbox 2658 1326 2708 1365; x_wconf 88' lang='lat'><strong>15</strong></span> 
     </span>
     <span class='ocr_line' id='line_1_13' title="bbox 276 1386 2637 1474; baseline 0.001 -25"><span class='ocrx_word' id='word_1_100' title='bbox 276 1386 455 1451; x_wconf 84' lang='lat' dir='ltr'><strong>blica</strong></span> <span class='ocrx_word' id='word_1_101' title='bbox 498 1407 650 1450; x_wconf 90' lang='lat' dir='ltr'><strong>cura</strong></span> <span class='ocrx_word' id='word_1_102' title='bbox 694 1386 967 1450; x_wconf 88' lang='lat' dir='ltr'><strong>deducta</strong></span> <span class='ocrx_word' id='word_1_103' title='bbox 1009 1386 1089 1448; x_wconf 87' lang='lat' dir='ltr'><strong>ad</strong></span> <span class='ocrx_word' id='word_1_104' title='bbox 1126 1386 1458 1450; x_wconf 87' lang='lat' dir='ltr'><strong>Tiridaten</strong></span> <span class='ocrx_word' id='word_1_105' title='bbox 1502 1387 1896 1471; x_wconf 88' lang='lat' dir='ltr'><strong>comiterque</strong></span> <span class='ocrx_word' id='word_1_106' title='bbox 1943 1388 2209 1470; x_wconf 85' lang='lat' dir='ltr'><strong>excepta</strong></span> <span class='ocrx_word' id='word_1_107' title='bbox 2243 1389 2421 1452; x_wconf 89' lang='lat' dir='ltr'><strong>cultu</strong></span> <span class='ocrx_word' id='word_1_108' title='bbox 2458 1388 2637 1474; x_wconf 88' lang='lat' dir='ltr'><strong>regio</strong></span> 
     </span>
     <span class='ocr_line' id='line_1_14' title="bbox 278 1473 668 1538; baseline 0 0"><span class='ocrx_word' id='word_1_109' title='bbox 278 1473 511 1538; x_wconf 89' lang='lat' dir='ltr'><strong>habita</strong></span> <span class='ocrx_word' id='word_1_110' title='bbox 554 1477 668 1538; x_wconf 89' lang='lat' dir='ltr'><strong>est.</strong></span> 
     </span>
    </p>

    <p class='ocr_par' dir='ltr' id='par_1_3' title="bbox 276 1558 2743 2354">
     <span class='ocr_line' id='line_1_15' title="bbox 458 1558 2743 1629; baseline 0 -3"><span class='ocrx_word' id='word_1_111' title='bbox 458 1562 700 1627; x_wconf 87' lang='lat' dir='ltr'><strong>Fausto</strong></span> <span class='ocrx_word' id='word_1_112' title='bbox 739 1561 920 1627; x_wconf 83' lang='lat' dir='ltr'><strong>Sulla</strong></span> <span class='ocrx_word' id='word_1_113' title='bbox 956 1558 1172 1627; x_wconf 87' lang='lat' dir='ltr'><strong>Salvio</strong></span> <span class='ocrx_word' id='word_1_114' title='bbox 1211 1561 1467 1627; x_wconf 89' lang='lat' dir='ltr'><strong>Othone</strong></span> <span class='ocrx_word' id='word_1_115' title='bbox 1504 1563 1876 1627; x_wconf 90' lang='lat' dir='ltr'><strong>consulibus</strong></span> <span class='ocrx_word' id='word_1_116' title='bbox 1913 1562 2146 1629; x_wconf 87' lang='lat' dir='ltr'><strong>Furius</strong></span> <span class='ocrx_word' id='word_1_117' title='bbox 2177 1563 2633 1629; x_wconf 85' lang='lat' dir='ltr'><strong>Scribonianus</strong></span> <span class='ocrx_word' id='word_1_118' title='bbox 2655 1564 2743 1628; x_wconf 81' lang='lat'><strong>52</strong></span> 
     </span>
     <span class='ocr_line' id='line_1_16' title="bbox 280 1651 2637 1736; baseline 0.001 -22"><span class='ocrx_word' id='word_1_119' title='bbox 280 1651 354 1714; x_wconf 92' lang='lat' dir='ltr'><strong>in</strong></span> <span class='ocrx_word' id='word_1_120' title='bbox 407 1651 672 1715; x_wconf 87' lang='lat' dir='ltr'><strong>exilium</strong></span> <span class='ocrx_word' id='word_1_121' title='bbox 720 1651 961 1736; x_wconf 88' lang='lat' dir='ltr'><strong>agitur,</strong></span> <span class='ocrx_word' id='word_1_122' title='bbox 1016 1651 1200 1736; x_wconf 89' lang='lat' dir='ltr'><strong>quasi</strong></span> <span class='ocrx_word' id='word_1_123' title='bbox 1245 1652 1439 1715; x_wconf 92' lang='lat' dir='ltr'><strong>finem</strong></span> <span class='ocrx_word' id='word_1_124' title='bbox 1485 1651 1797 1735; x_wconf 90' lang='lat' dir='ltr'><strong>principis</strong></span> <span class='ocrx_word' id='word_1_125' title='bbox 1841 1674 1957 1735; x_wconf 87' lang='lat' dir='ltr'><strong>per</strong></span> <span class='ocrx_word' id='word_1_126' title='bbox 2004 1651 2353 1717; x_wconf 88' lang='lat' dir='ltr'><strong>Chaldaeos</strong></span> <span class='ocrx_word' id='word_1_127' title='bbox 2400 1657 2637 1717; x_wconf 87' lang='lat' dir='ltr'><strong>scruta-</strong></span> 
     </span>
     <span class='ocr_line' id='line_1_17' title="bbox 276 1739 2636 1825; baseline 0.001 -22"><span class='ocrx_word' id='word_1_128' title='bbox 276 1743 476 1804; x_wconf 90' lang='lat' dir='ltr'><strong>retur.</strong></span> <span class='ocrx_word' id='word_1_129' title='bbox 561 1739 1016 1804; x_wconf 87' lang='lat' dir='ltr'><strong>adnectebatur</strong></span> <span class='ocrx_word' id='word_1_130' title='bbox 1061 1739 1316 1804; x_wconf 85' lang='lat' dir='ltr'><strong>crimini</strong></span> <span class='ocrx_word' id='word_1_131' title='bbox 1361 1740 1558 1804; x_wconf 87' lang='lat' dir='ltr'><strong>Vibia</strong></span> <span class='ocrx_word' id='word_1_132' title='bbox 1600 1745 1806 1805; x_wconf 90' lang='lat' dir='ltr'><strong>mater</strong></span> <span class='ocrx_word' id='word_1_133' title='bbox 1852 1741 2006 1825; x_wconf 85' lang='lat' dir='ltr'><strong>eius,</strong></span> <span class='ocrx_word' id='word_1_134' title='bbox 2052 1745 2127 1805; x_wconf 90' lang='lat' dir='ltr'><strong>ut</strong></span> <span class='ocrx_word' id='word_1_135' title='bbox 2173 1762 2354 1806; x_wconf 87' lang='lat' dir='ltr'><strong>casus</strong></span> <span class='ocrx_word' id='word_1_136' title='bbox 2401 1741 2636 1824; x_wconf 88' lang='lat' dir='ltr'><strong>prioris</strong></span> 
     </span>
     <span class='ocr_line' id='line_1_18' title="bbox 281 1826 2638 1914; baseline 0.001 -23"><span class='ocrx_word' id='word_1_137' title='bbox 281 1826 462 1914; x_wconf 91' lang='lat' dir='ltr'><strong>(nam</strong></span> <span class='ocrx_word' id='word_1_138' title='bbox 509 1829 793 1913; x_wconf 86' lang='lat' dir='ltr'><strong>relegata</strong></span> <span class='ocrx_word' id='word_1_139' title='bbox 828 1826 994 1914; x_wconf 89' lang='lat' dir='ltr'><strong>erat)</strong></span> <span class='ocrx_word' id='word_1_140' title='bbox 1031 1828 1368 1912; x_wconf 89' lang='lat' dir='ltr'><strong>inpatiens.</strong></span> <span class='ocrx_word' id='word_1_141' title='bbox 1449 1833 1634 1912; x_wconf 91' lang='lat' dir='ltr'><strong>pater</strong></span> <span class='ocrx_word' id='word_1_142' title='bbox 1672 1827 2076 1893; x_wconf 86' lang='lat' dir='ltr'><strong>Scriboniani</strong></span> <span class='ocrx_word' id='word_1_143' title='bbox 2116 1827 2422 1894; x_wconf 89' lang='lat' dir='ltr'><strong>Camillus</strong></span> <span class='ocrx_word' id='word_1_144' title='bbox 2461 1852 2638 1894; x_wconf 89' lang='lat' dir='ltr'><strong>arma</strong></span> 
     </span>
     <span class='ocr_line' id='line_1_19' title="bbox 279 1916 2680 2003; baseline 0.001 -23"><span class='ocrx_word' id='word_1_145' title='bbox 279 1939 397 2000; x_wconf 91' lang='lat' dir='ltr'><strong>per</strong></span> <span class='ocrx_word' id='word_1_146' title='bbox 441 1916 833 1980; x_wconf 90' lang='lat' dir='ltr'><strong>Dalmatiam</strong></span> <span class='ocrx_word' id='word_1_147' title='bbox 879 1920 1193 2002; x_wconf 79' lang='lat' dir='ltr'><strong>moverat3</strong></span> <span class='ocrx_word' id='word_1_148' title='bbox 1240 1918 1432 2001; x_wconf 88' lang='lat' dir='ltr'><strong>idque</strong></span> <span class='ocrx_word' id='word_1_149' title='bbox 1479 1917 1559 1980; x_wconf 87' lang='lat' dir='ltr'><strong>ad</strong></span> <span class='ocrx_word' id='word_1_150' title='bbox 1606 1916 2009 1982; x_wconf 90' lang='lat' dir='ltr'><strong>clementiam</strong></span> <span class='ocrx_word' id='word_1_151' title='bbox 2047 1917 2343 1981; x_wconf 89' lang='lat' dir='ltr'><strong>trahebat</strong></span> <span class='ocrx_word' id='word_1_152' title='bbox 2390 1916 2635 2003; x_wconf 88' lang='lat' dir='ltr'><strong>Caesar,</strong></span> <span class='ocrx_word' id='word_1_153' title='bbox 2655 1945 2680 1984; x_wconf 88' lang='lat'><strong>5</strong></span> 
     </span>
     <span class='ocr_line' id='line_1_20' title="bbox 279 2004 2635 2088; baseline 0 -19"><span class='ocrx_word' id='word_1_154' title='bbox 279 2006 455 2088; x_wconf 91' lang='lat' dir='ltr'><strong>quod</strong></span> <span class='ocrx_word' id='word_1_155' title='bbox 501 2006 768 2088; x_wconf 90' lang='lat' dir='ltr'><strong>stirpem</strong></span> <span class='ocrx_word' id='word_1_156' title='bbox 813 2004 1117 2070; x_wconf 90' lang='lat' dir='ltr'><strong>hostilem</strong></span> <span class='ocrx_word' id='word_1_157' title='bbox 1164 2006 1398 2069; x_wconf 87' lang='lat' dir='ltr'><strong>iterum</strong></span> <span class='ocrx_word' id='word_1_158' title='bbox 1445 2010 1867 2071; x_wconf 79' lang='lat' dir='ltr'><strong>conservaret.</strong></span> <span class='ocrx_word' id='word_1_159' title='bbox 1948 2027 2155 2088; x_wconf 91' lang='lat' dir='ltr'><strong>neque</strong></span> <span class='ocrx_word' id='word_1_160' title='bbox 2201 2010 2417 2070; x_wconf 90' lang='lat' dir='ltr'><strong>tamen</strong></span> <span class='ocrx_word' id='word_1_161' title='bbox 2462 2007 2635 2070; x_wconf 89' lang='lat' dir='ltr'><strong>exuli</strong></span> 
     </span>
     <span class='ocr_line' id='line_1_21' title="bbox 278 2093 2636 2181; baseline 0 -23"><span class='ocrx_word' id='word_1_162' title='bbox 278 2094 479 2181; x_wconf 87' lang='lat' dir='ltr'><strong>longa</strong></span> <span class='ocrx_word' id='word_1_163' title='bbox 531 2093 803 2178; x_wconf 89' lang='lat' dir='ltr'><strong>posthac</strong></span> <span class='ocrx_word' id='word_1_164' title='bbox 856 2094 996 2157; x_wconf 90' lang='lat' dir='ltr'><strong>vita</strong></span> <span class='ocrx_word' id='word_1_165' title='bbox 1047 2094 1201 2157; x_wconf 84' lang='lat' dir='ltr'><strong>fuit:</strong></span> <span class='ocrx_word' id='word_1_166' title='bbox 1265 2097 1473 2158; x_wconf 91' lang='lat' dir='ltr'><strong>morte</strong></span> <span class='ocrx_word' id='word_1_167' title='bbox 1529 2095 1802 2159; x_wconf 89' lang='lat' dir='ltr'><strong>fortuita</strong></span> <span class='ocrx_word' id='word_1_168' title='bbox 1858 2116 1940 2157; x_wconf 89' lang='lat' dir='ltr'><strong>an</strong></span> <span class='ocrx_word' id='word_1_169' title='bbox 1990 2116 2108 2177; x_wconf 92' lang='lat' dir='ltr'><strong>per</strong></span> <span class='ocrx_word' id='word_1_170' title='bbox 2161 2116 2477 2158; x_wconf 91' lang='lat' dir='ltr'><strong>venenum</strong></span> <span class='ocrx_word' id='word_1_171' title='bbox 2532 2117 2636 2159; x_wconf 93' lang='lat' dir='ltr'><strong>ex-</strong></span> 
     </span>
     <span class='ocr_line' id='line_1_22' title="bbox 280 2182 2633 2268; baseline 0.001 -22"><span class='ocrx_word' id='word_1_172' title='bbox 280 2184 522 2247; x_wconf 90' lang='lat' dir='ltr'><strong>tinctus</strong></span> <span class='ocrx_word' id='word_1_173' title='bbox 569 2186 753 2265; x_wconf 84' lang='lat' dir='ltr'><strong>esset,</strong></span> <span class='ocrx_word' id='word_1_174' title='bbox 799 2185 874 2246; x_wconf 90' lang='lat' dir='ltr'><strong>ut</strong></span> <span class='ocrx_word' id='word_1_175' title='bbox 920 2182 1189 2265; x_wconf 90' lang='lat' dir='ltr'><strong>quisque</strong></span> <span class='ocrx_word' id='word_1_176' title='bbox 1236 2182 1532 2266; x_wconf 85' lang='lat' dir='ltr'><strong>credidit,</strong></span> <span class='ocrx_word' id='word_1_177' title='bbox 1589 2182 1947 2268; x_wconf 85' lang='lat' dir='ltr'><strong>vulgavere.</strong></span> <span class='ocrx_word' id='word_1_178' title='bbox 2039 2183 2117 2246; x_wconf 88' lang='lat' dir='ltr'><strong>de</strong></span> <span class='ocrx_word' id='word_1_179' title='bbox 2164 2183 2633 2248; x_wconf 87' lang='lat' dir='ltr'><strong>mathematicis</strong></span> 
     </span>
     <span class='ocr_line' id='line_1_23' title="bbox 278 2270 2632 2354; baseline 0 -19"><span class='ocrx_word' id='word_1_180' title='bbox 278 2270 472 2336; x_wconf 89' lang='lat' dir='ltr'><strong>Italia</strong></span> <span class='ocrx_word' id='word_1_181' title='bbox 532 2270 844 2354; x_wconf 90' lang='lat' dir='ltr'><strong>pellendis</strong></span> <span class='ocrx_word' id='word_1_182' title='bbox 910 2271 1152 2335; x_wconf 89' lang='lat' dir='ltr'><strong>factum</strong></span> <span class='ocrx_word' id='word_1_183' title='bbox 1218 2275 1476 2335; x_wconf 89' lang='lat' dir='ltr'><strong>senatus</strong></span> <span class='ocrx_word' id='word_1_184' title='bbox 1546 2271 1910 2335; x_wconf 89' lang='lat' dir='ltr'><strong>consultum</strong></span> <span class='ocrx_word' id='word_1_185' title='bbox 1978 2275 2161 2335; x_wconf 89' lang='lat' dir='ltr'><strong>atrox</strong></span> <span class='ocrx_word' id='word_1_186' title='bbox 2226 2275 2293 2335; x_wconf 88' lang='lat' dir='ltr'><strong>et</strong></span> <span class='ocrx_word' id='word_1_187' title='bbox 2350 2272 2632 2336; x_wconf 89' lang='lat' dir='ltr'><strong>inritum.</strong></span> 
     </span>
    </p>
   </div>
   <div class='ocr_carea' id='block_1_3' title="bbox 278 2415 708 2425">
    <p class='ocr_par' dir='ltr' id='par_1_4' title="bbox 278 2415 708 2425">
     <span class='ocr_line' id='line_1_24' title="bbox 278 2415 708 2425; baseline 0 2375"><span class='ocrx_word' id='word_1_188' title='bbox 278 2415 708 2425; x_wconf 95' lang='lat' dir='ltr'><strong> </strong></span> 
     </span>
    </p>
   </div>
   <div class='ocr_carea' id='block_1_4' title="bbox 273 2486 2635 4564">
    <p class='ocr_par' dir='ltr' id='par_1_5' title="bbox 276 2486 2635 3205">
     <span class='ocr_line' id='line_1_25' title="bbox 279 2486 2632 2568; baseline 0.001 -16"><span class='ocrx_word' id='word_1_189' title='bbox 279 2499 391 2554; x_wconf 91' lang='lat' dir='ltr'><strong>den</strong></span> <span class='ocrx_word' id='word_1_190' title='bbox 444 2498 816 2554; x_wconf 88' lang='lat' dir='ltr'><strong>historischen</strong></span> <span class='ocrx_word' id='word_1_191' title='bbox 852 2497 1103 2552; x_wconf 86' lang='lat' dir='ltr'><strong>Infinitiv</strong></span> <span class='ocrx_word' id='word_1_192' title='bbox 1155 2497 1218 2552; x_wconf 92' lang='lat' dir='ltr'><strong>in</strong></span> <span class='ocrx_word' id='word_1_193' title='bbox 1263 2497 1658 2553; x_wconf 73' lang='lat' dir='ltr'><strong>Nebensatzen</strong></span> <span class='ocrx_word' id='word_1_194' title='bbox 1705 2516 1746 2552; x_wconf 78' lang='lat' dir='ltr'><strong>s,</strong></span> <span class='ocrx_word' id='word_1_195' title='bbox 1786 2497 1931 2552; x_wconf 90' lang='lat' dir='ltr'><strong>Einl.</strong></span> <span class='ocrx_word' id='word_1_196' title='bbox 1971 2504 2001 2564; x_wconf 66' lang='grc' dir='ltr'>ξ</span> <span class='ocrx_word' id='word_1_197' title='bbox 2031 2503 2118 2565; x_wconf 83' lang='grc'><strong>92,</strong></span> <span class='ocrx_word' id='word_1_198' title='bbox 2145 2498 2200 2552; x_wconf 90' lang='lat' dir='ltr'><strong>b.</strong></span> <span class='ocrx_word' id='word_1_199' title='bbox 2271 2500 2279 2568; x_wconf 79' lang='grc' dir='ltr'>Ι</span> <span class='ocrx_word' id='word_1_200' title='bbox 2347 2486 2500 2553; x_wconf 73' lang='lat' dir='ltr'><strong>Uber</strong></span> <span class='ocrx_word' id='word_1_201' title='bbox 2538 2499 2632 2554; x_wconf 89' lang='lat' dir='ltr'><strong>die</strong></span> 
     </span>
     <span class='ocr_line' id='line_1_26' title="bbox 278 2568 2635 2640; baseline 0 -16"><span class='ocrx_word' id='word_1_202' title='bbox 278 2570 635 2639; x_wconf 89' lang='lat' dir='ltr'><strong>Anastrophe</strong></span> <span class='ocrx_word' id='word_1_203' title='bbox 672 2585 782 2623; x_wconf 90' lang='lat' dir='ltr'><strong>von</strong></span> <span class='ocrx_word' id='word_1_204' title='bbox 815 2570 915 2624; x_wconf 77' lang='lat' dir='ltr'><strong>ubi</strong></span> <span class='ocrx_word' id='word_1_205' title='bbox 949 2570 1061 2639; x_wconf 86' lang='lat' dir='ltr'><strong>vgl.</strong></span> <span class='ocrx_word' id='word_1_206' title='bbox 1102 2587 1171 2623; x_wconf 90' lang='lat' dir='ltr'><strong>zu</strong></span> <span class='ocrx_word' id='word_1_207' title='bbox 1210 2575 1294 2639; x_wconf 81' lang='lat'><strong>13,</strong></span> <span class='ocrx_word' id='word_1_208' title='bbox 1324 2575 1411 2639; x_wconf 86' lang='lat'><strong>33,</strong></span> <span class='ocrx_word' id='word_1_209' title='bbox 1440 2576 1489 2624; x_wconf 82' lang='lat'><strong>2.</strong></span> <span class='ocrx_word' id='word_1_210' title='bbox 1523 2572 1532 2640; x_wconf 89' lang='grc' dir='ltr'>Ι</span> <span class='ocrx_word' id='word_1_211' title='bbox 1580 2575 1628 2624; x_wconf 88' lang='grc'><strong>9.</strong></span> <span class='ocrx_word' id='word_1_212' title='bbox 1665 2570 1848 2637; x_wconf 87' lang='lat' dir='ltr'><strong>ripam</strong></span> <span class='ocrx_word' id='word_1_213' title='bbox 1884 2570 1975 2637; x_wconf 93' lang='lat' dir='ltr'><strong>ad,</strong></span> <span class='ocrx_word' id='word_1_214' title='bbox 2015 2586 2057 2622; x_wconf 78' lang='lat' dir='ltr'><strong>s,</strong></span> <span class='ocrx_word' id='word_1_215' title='bbox 2096 2568 2200 2637; x_wconf 80' lang='grc' dir='ltr'><strong>ΚΡ.</strong></span> <span class='ocrx_word' id='word_1_216' title='bbox 2233 2575 2298 2623; x_wconf 92' lang='grc'><strong>11</strong></span> <span class='ocrx_word' id='word_1_217' title='bbox 2335 2571 2521 2638; x_wconf 87' lang='lat' dir='ltr'><strong>ripam</strong></span> <span class='ocrx_word' id='word_1_218' title='bbox 2557 2572 2635 2625; x_wconf 85' lang='lat' dir='ltr'><strong>ad</strong></span> 
     </span>
     <span class='ocr_line' id='line_1_27' title="bbox 279 2638 2633 2711; baseline -0.001 -15"><span class='ocrx_word' id='word_1_219' title='bbox 279 2641 606 2711; x_wconf 76' lang='lat' dir='ltr'><strong>Euphratis.</strong></span> <span class='ocrx_word' id='word_1_220' title='bbox 641 2642 649 2711; x_wconf 86' lang='grc' dir='ltr'>Ι</span> <span class='ocrx_word' id='word_1_221' title='bbox 684 2645 767 2694; x_wconf 87' lang='grc'><strong>10.</strong></span> <span class='ocrx_word' id='word_1_222' title='bbox 806 2642 984 2710; x_wconf 88' lang='lat' dir='ltr'><strong>etiam,</strong></span> <span class='ocrx_word' id='word_1_223' title='bbox 1024 2641 1077 2696; x_wconf 91' lang='lat' dir='ltr'><strong>d.</strong></span> <span class='ocrx_word' id='word_1_224' title='bbox 1106 2640 1161 2696; x_wconf 91' lang='lat' dir='ltr'><strong>h.</strong></span> <span class='ocrx_word' id='word_1_225' title='bbox 1203 2640 1380 2695; x_wconf 86' lang='lat' dir='ltr'><strong>selbst</strong></span> <span class='ocrx_word' id='word_1_226' title='bbox 1416 2640 1508 2694; x_wconf 88' lang='lat' dir='ltr'><strong>die</strong></span> <span class='ocrx_word' id='word_1_227' title='bbox 1544 2639 1751 2694; x_wconf 89' lang='lat' dir='ltr'><strong>Leiche</strong></span> <span class='ocrx_word' id='word_1_228' title='bbox 1789 2638 1953 2693; x_wconf 87' lang='lat' dir='ltr'><strong>sollte</strong></span> <span class='ocrx_word' id='word_1_229' title='bbox 1988 2638 2149 2693; x_wconf 88' lang='lat' dir='ltr'><strong>nicht</strong></span> <span class='ocrx_word' id='word_1_230' title='bbox 2185 2638 2246 2692; x_wconf 90' lang='lat' dir='ltr'><strong>in</strong></span> <span class='ocrx_word' id='word_1_231' title='bbox 2284 2638 2376 2694; x_wconf 89' lang='lat' dir='ltr'><strong>die</strong></span> <span class='ocrx_word' id='word_1_232' title='bbox 2410 2639 2633 2694; x_wconf 82' lang='lat' dir='ltr'><strong>Gewalt</strong></span> 
     </span>
     <span class='ocr_line' id='line_1_28' title="bbox 282 2711 2630 2781; baseline -0 -16"><span class='ocrx_word' id='word_1_233' title='bbox 282 2712 384 2766; x_wconf 90' lang='lat' dir='ltr'><strong>der</strong></span> <span class='ocrx_word' id='word_1_234' title='bbox 417 2711 630 2766; x_wconf 87' lang='lat' dir='ltr'><strong>Feinde</strong></span> <span class='ocrx_word' id='word_1_235' title='bbox 665 2711 943 2765; x_wconf 89' lang='lat' dir='ltr'><strong>kommen.</strong></span> <span class='ocrx_word' id='word_1_236' title='bbox 1004 2714 1013 2781; x_wconf 85' lang='grc'>1</span> <span class='ocrx_word' id='word_1_237' title='bbox 1076 2712 1336 2767; x_wconf 78' lang='lat' dir='ltr'><strong>‘Hiberos</strong></span> <span class='ocrx_word' id='word_1_238' title='bbox 1372 2712 1448 2766; x_wconf 88' lang='lat' dir='ltr'><strong>ad</strong></span> <span class='ocrx_word' id='word_1_239' title='bbox 1476 2713 1730 2781; x_wconf 76' lang='lat' dir='ltr'><strong>patriam</strong></span> <span class='ocrx_word' id='word_1_240' title='bbox 1763 2727 1991 2780; x_wconf 74' lang='lat' dir='ltr'><strong>reynum</strong></span> <span class='ocrx_word' id='word_1_241' title='bbox 2025 2711 2233 2764; x_wconf 76' lang='lat' dir='ltr'><strong>dictam</strong></span> <span class='ocrx_word' id='word_1_242' title='bbox 2268 2717 2346 2765; x_wconf 87' lang='lat' dir='ltr'><strong>est</strong></span> <span class='ocrx_word' id='word_1_243' title='bbox 2379 2717 2443 2766; x_wconf 79' lang='lat' dir='ltr'><strong>ut</strong></span> <span class='ocrx_word' id='word_1_244' title='bbox 2479 2716 2530 2779; x_wconf 82' lang='lat'><strong>4,</strong></span> <span class='ocrx_word' id='word_1_245' title='bbox 2563 2718 2630 2766; x_wconf 84' lang='grc'><strong>67</strong></span> 
     </span>
     <span class='ocr_line' id='line_1_29' title="bbox 279 2779 2630 2853; baseline -0.001 -16"><span class='ocrx_word' id='word_1_246' title='bbox 279 2782 521 2853; x_wconf 86' lang='lat' dir='ltr'><strong>Capreas</strong></span> <span class='ocrx_word' id='word_1_247' title='bbox 568 2799 626 2836; x_wconf 89' lang='lat' dir='ltr'><strong>se</strong></span> <span class='ocrx_word' id='word_1_248' title='bbox 673 2781 734 2836; x_wconf 90' lang='lat' dir='ltr'><strong>in</strong></span> <span class='ocrx_word' id='word_1_249' title='bbox 777 2781 1022 2836; x_wconf 89' lang='lat' dir='ltr'><strong>insulam</strong></span> <span class='ocrx_word' id='word_1_250' title='bbox 1069 2781 1319 2851; x_wconf 87' lang='lat' dir='ltr'><strong>abdidit,</strong></span> <span class='ocrx_word' id='word_1_251' title='bbox 1365 2781 1497 2837; x_wconf 88' lang='lat' dir='ltr'><strong>hist.</strong></span> <span class='ocrx_word' id='word_1_252' title='bbox 1528 2788 1591 2850; x_wconf 83' lang='lat'><strong>4,</strong></span> <span class='ocrx_word' id='word_1_253' title='bbox 1619 2788 1687 2835; x_wconf 89' lang='grc'><strong>32</strong></span> <span class='ocrx_word' id='word_1_254' title='bbox 1736 2779 1945 2835; x_wconf 87' lang='lat' dir='ltr'><strong>adlatis</strong></span> <span class='ocrx_word' id='word_1_255' title='bbox 1983 2779 2302 2835; x_wconf 85' lang='lat' dir='ltr'><strong>Geldubam</strong></span> <span class='ocrx_word' id='word_1_256' title='bbox 2342 2779 2401 2833; x_wconf 89' lang='lat' dir='ltr'><strong>in</strong></span> <span class='ocrx_word' id='word_1_257' title='bbox 2440 2783 2630 2835; x_wconf 90' lang='lat' dir='ltr'><strong>castra</strong></span> 
     </span>
     <span class='ocr_line' id='line_1_30' title="bbox 276 2849 2630 2922; baseline 0 -16"><span class='ocrx_word' id='word_1_258' title='bbox 276 2853 510 2922; x_wconf 72' lang='lat' dir='ltr'><strong>nuntiiS,</strong></span> <span class='ocrx_word' id='word_1_259' title='bbox 545 2870 644 2908; x_wconf 89' lang='lat' dir='ltr'><strong>nee</strong></span> <span class='ocrx_word' id='word_1_260' title='bbox 677 2853 969 2907; x_wconf 83' lang='lat' dir='ltr'><strong>verisimile</strong></span> <span class='ocrx_word' id='word_1_261' title='bbox 1003 2859 1081 2907; x_wconf 87' lang='lat' dir='ltr'><strong>est</strong></span> <span class='ocrx_word' id='word_1_262' title='bbox 1114 2853 1381 2920; x_wconf 77' lang='lat' dir='ltr'><strong>Tacitum,</strong></span> <span class='ocrx_word' id='word_1_263' title='bbox 1416 2854 1531 2908; x_wconf 88' lang='lat' dir='ltr'><strong>nisi</strong></span> <span class='ocrx_word' id='word_1_264' title='bbox 1567 2853 1758 2907; x_wconf 87' lang='lat' dir='ltr'><strong>addito</strong></span> <span class='ocrx_word' id='word_1_265' title='bbox 1785 2851 1860 2905; x_wconf 87' lang='lat' dir='ltr'><strong>ad</strong></span> <span class='ocrx_word' id='word_1_266' title='bbox 1885 2849 2134 2921; x_wconf 88' lang='lat' dir='ltr'><strong>patrium</strong></span> <span class='ocrx_word' id='word_1_267' title='bbox 2160 2867 2410 2921; x_wconf 85' lang='lat' dir='ltr'><strong>regnum,</strong></span> <span class='ocrx_word' id='word_1_268' title='bbox 2450 2853 2630 2907; x_wconf 85' lang='lat' dir='ltr'><strong>dictu-</strong></span> 
     </span>
     <span class='ocr_line' id='line_1_31' title="bbox 276 2922 2629 2993; baseline -0 -14"><span class='ocrx_word' id='word_1_269' title='bbox 276 2941 403 2978; x_wconf 78' lang='lat' dir='ltr'><strong>rum</strong></span> <span class='ocrx_word' id='word_1_270' title='bbox 436 2924 608 2991; x_wconf 79' lang='lat' dir='ltr'><strong>fuisse</strong></span> <span class='ocrx_word' id='word_1_271' title='bbox 633 2922 873 2977; x_wconf 87' lang='lat' dir='ltr'><strong>Hiberos</strong></span> <span class='ocrx_word' id='word_1_272' title='bbox 909 2923 1208 2992; x_wconf 87' lang='lat' dir='ltr'><strong>pervadit&#39;.</strong></span> <span class='ocrx_word' id='word_1_273' title='bbox 1263 2923 1449 2978; x_wconf 91' lang='lat' dir='ltr'><strong>Halm.</strong></span> <span class='ocrx_word' id='word_1_274' title='bbox 1505 2922 1633 2993; x_wconf 86' lang='lat' dir='ltr'><strong>Vgl.</strong></span> <span class='ocrx_word' id='word_1_275' title='bbox 1663 2922 1926 2977; x_wconf 86' lang='lat' dir='ltr'><strong>indessen</strong></span> <span class='ocrx_word' id='word_1_276' title='bbox 1952 2922 2093 2991; x_wconf 87' lang='lat' dir='ltr'><strong>Kap.</strong></span> <span class='ocrx_word' id='word_1_277' title='bbox 2126 2927 2211 2990; x_wconf 81' lang='lat'><strong>32,</strong></span> <span class='ocrx_word' id='word_1_278' title='bbox 2243 2929 2291 2977; x_wconf 92' lang='grc'><strong>2.</strong></span> <span class='ocrx_word' id='word_1_279' title='bbox 2326 2923 2334 2992; x_wconf 88' lang='grc' dir='ltr'>Ι</span> <span class='ocrx_word' id='word_1_280' title='bbox 2370 2928 2451 2977; x_wconf 91' lang='grc'><strong>12.</strong></span> <span class='ocrx_word' id='word_1_281' title='bbox 2484 2923 2629 2978; x_wconf 87' lang='lat' dir='ltr'><strong>vitae</strong></span> 
     </span>
     <span class='ocr_line' id='line_1_32' title="bbox 280 2991 2624 3065; baseline -0.001 -17"><span class='ocrx_word' id='word_1_282' title='bbox 280 2994 461 3064; x_wconf 83' lang='lat' dir='ltr'><strong>(Gen.)</strong></span> <span class='ocrx_word' id='word_1_283' title='bbox 504 2994 854 3061; x_wconf 72' lang='lat' dir='ltr'><strong>manifestam</strong></span> <span class='ocrx_word' id='word_1_284' title='bbox 892 3011 934 3048; x_wconf 73' lang='grc' dir='ltr'><strong>Β.</strong></span> <span class='ocrx_word' id='word_1_285' title='bbox 974 3012 1043 3047; x_wconf 90' lang='lat' dir='ltr'><strong>zu</strong></span> <span class='ocrx_word' id='word_1_286' title='bbox 1080 3000 1138 3062; x_wconf 91' lang='grc'><strong>2,</strong></span> <span class='ocrx_word' id='word_1_287' title='bbox 1168 2999 1260 3062; x_wconf 87' lang='lat'><strong>85,</strong></span> <span class='ocrx_word' id='word_1_288' title='bbox 1295 2999 1342 3047; x_wconf 82' lang='lat'><strong>7.</strong></span> <span class='ocrx_word' id='word_1_289' title='bbox 1403 2995 1412 3065; x_wconf 87' lang='grc' dir='ltr'>Ι</span> <span class='ocrx_word' id='word_1_290' title='bbox 1473 2999 1557 3048; x_wconf 86' lang='grc'><strong>13.</strong></span> <span class='ocrx_word' id='word_1_291' title='bbox 1596 2996 1822 3065; x_wconf 68' lang='lat' dir='ltr'><strong>degener</strong></span> <span class='ocrx_word' id='word_1_292' title='bbox 1858 3019 1926 3038; x_wconf 88' lang='lat'><strong>=</strong></span> <span class='ocrx_word' id='word_1_293' title='bbox 1962 2994 1986 3045; x_wconf 86' lang='lat' dir='ltr'><strong>i</strong></span> <span class='ocrx_word' id='word_1_294' title='bbox 2094 2994 2246 3059; x_wconf 85' lang='lat' dir='ltr'><strong>bilis,</strong></span> <span class='ocrx_word' id='word_1_295' title='bbox 2293 2991 2400 3046; x_wconf 80' lang='lat' dir='ltr'><strong>wie</strong></span> <span class='ocrx_word' id='word_1_296' title='bbox 2439 2999 2499 3062; x_wconf 83' lang='grc'><strong>6,</strong></span> <span class='ocrx_word' id='word_1_297' title='bbox 2528 2999 2624 3061; x_wconf 72' lang='grc'><strong>42,</strong></span> 
     </span>
     <span class='ocr_line' id='line_1_33' title="bbox 282 3062 2626 3135; baseline 0 -17"><span class='ocrx_word' id='word_1_298' title='bbox 282 3070 366 3133; x_wconf 89' lang='grc'><strong>11,</strong></span> <span class='ocrx_word' id='word_1_299' title='bbox 396 3071 462 3119; x_wconf 88' lang='grc'><strong>19</strong></span> <span class='ocrx_word' id='word_1_300' title='bbox 499 3083 552 3120; x_wconf 91' lang='lat' dir='ltr'><strong>u.</strong></span> <span class='ocrx_word' id='word_1_301' title='bbox 584 3082 632 3120; x_wconf 90' lang='lat' dir='ltr'><strong>a.</strong></span> <span class='ocrx_word' id='word_1_302' title='bbox 667 3067 675 3135; x_wconf 82' lang='grc' dir='ltr'>Ι</span> <span class='ocrx_word' id='word_1_303' title='bbox 707 3063 810 3119; x_wconf 91' lang='lat' dir='ltr'><strong>Die</strong></span> <span class='ocrx_word' id='word_1_304' title='bbox 857 3063 918 3117; x_wconf 90' lang='lat' dir='ltr'><strong>in</strong></span> <span class='ocrx_word' id='word_1_305' title='bbox 965 3065 1076 3119; x_wconf 90' lang='lat' dir='ltr'><strong>den</strong></span> <span class='ocrx_word' id='word_1_306' title='bbox 1111 3064 1323 3119; x_wconf 90' lang='lat' dir='ltr'><strong>letzten</strong></span> <span class='ocrx_word' id='word_1_307' title='bbox 1369 3063 1503 3118; x_wconf 91' lang='lat' dir='ltr'><strong>acht</strong></span> <span class='ocrx_word' id='word_1_308' title='bbox 1546 3063 1817 3133; x_wconf 88' lang='lat' dir='ltr'><strong>Kapiteln</strong></span> <span class='ocrx_word' id='word_1_309' title='bbox 1851 3080 1983 3133; x_wconf 84' lang='lat' dir='ltr'><strong>gese</strong></span> <span class='ocrx_word' id='word_1_310' title='bbox 2024 3062 2267 3118; x_wconf 89' lang='lat' dir='ltr'><strong>ilderten</strong></span> <span class='ocrx_word' id='word_1_311' title='bbox 2303 3062 2626 3133; x_wconf 81' lang='lat' dir='ltr'><strong>Ereignisse</strong></span> 
     </span>
     <span class='ocr_line' id='line_1_34' title="bbox 277 3135 1893 3205; baseline -0.001 -15"><span class='ocrx_word' id='word_1_312' title='bbox 277 3135 462 3205; x_wconf 86' lang='lat' dir='ltr'><strong>gehen</strong></span> <span class='ocrx_word' id='word_1_313' title='bbox 496 3135 587 3189; x_wconf 87' lang='lat' dir='ltr'><strong>bis</strong></span> <span class='ocrx_word' id='word_1_314' title='bbox 631 3135 719 3189; x_wconf 92' lang='lat' dir='ltr'><strong>ins</strong></span> <span class='ocrx_word' id='word_1_315' title='bbox 756 3135 805 3190; x_wconf 87' lang='lat' dir='ltr'><strong>J.</strong></span> <span class='ocrx_word' id='word_1_316' title='bbox 837 3140 906 3189; x_wconf 81' lang='lat'><strong>54</strong></span> <span class='ocrx_word' id='word_1_317' title='bbox 942 3136 1060 3188; x_wconf 90' lang='lat' dir='ltr'><strong>und</strong></span> <span class='ocrx_word' id='word_1_318' title='bbox 1096 3135 1323 3190; x_wconf 85' lang='lat' dir='ltr'><strong>werden</strong></span> <span class='ocrx_word' id='word_1_319' title='bbox 1362 3140 1446 3203; x_wconf 85' lang='grc'><strong>13,</strong></span> <span class='ocrx_word' id='word_1_320' title='bbox 1476 3141 1508 3189; x_wconf 84' lang='grc'><strong>6</strong></span> <span class='ocrx_word' id='word_1_321' title='bbox 1545 3135 1893 3204; x_wconf 86' lang='lat' dir='ltr'><strong>fortgesetzt.</strong></span> 
     </span>
    </p>

    <p class='ocr_par' dir='ltr' id='par_1_6' title="bbox 273 3204 2629 4479">
     <span class='ocr_line' id='line_1_35' title="bbox 455 3204 2628 3274; baseline -0.001 -13"><span class='ocrx_word' id='word_1_322' title='bbox 455 3206 553 3262; x_wconf 81' lang='lat'><strong>52.</strong></span> <span class='ocrx_word' id='word_1_323' title='bbox 593 3212 641 3260; x_wconf 92' lang='lat'><strong>1.</strong></span> <span class='ocrx_word' id='word_1_324' title='bbox 679 3206 856 3273; x_wconf 78' lang='lat' dir='ltr'><strong>Sulla,</strong></span> <span class='ocrx_word' id='word_1_325' title='bbox 894 3205 1133 3260; x_wconf 84' lang='lat' dir='ltr'><strong>Gemahl</strong></span> <span class='ocrx_word' id='word_1_326' title='bbox 1170 3205 1270 3260; x_wconf 90' lang='lat' dir='ltr'><strong>der</strong></span> <span class='ocrx_word' id='word_1_327' title='bbox 1304 3205 1572 3273; x_wconf 84' lang='lat' dir='ltr'><strong>Antonia,</strong></span> <span class='ocrx_word' id='word_1_328' title='bbox 1609 3205 1709 3260; x_wconf 88' lang='lat' dir='ltr'><strong>der</strong></span> <span class='ocrx_word' id='word_1_329' title='bbox 1745 3205 1987 3260; x_wconf 85' lang='lat' dir='ltr'><strong>Tochter</strong></span> <span class='ocrx_word' id='word_1_330' title='bbox 2024 3205 2123 3259; x_wconf 90' lang='lat' dir='ltr'><strong>des</strong></span> <span class='ocrx_word' id='word_1_331' title='bbox 2161 3204 2447 3274; x_wconf 87' lang='lat' dir='ltr'><strong>Claudius,</strong></span> <span class='ocrx_word' id='word_1_332' title='bbox 2484 3205 2628 3259; x_wconf 83' lang='lat' dir='ltr'><strong>wird</strong></span> 
     </span>
     <span class='ocr_line' id='line_1_36' title="bbox 278 3275 2628 3332; baseline 0 -2"><span class='ocrx_word' id='word_1_333' title='bbox 278 3276 357 3331; x_wconf 88' lang='lat' dir='ltr'><strong>im</strong></span> <span class='ocrx_word' id='word_1_334' title='bbox 391 3277 440 3332; x_wconf 88' lang='lat' dir='ltr'><strong>J.</strong></span> <span class='ocrx_word' id='word_1_335' title='bbox 473 3283 539 3331; x_wconf 85' lang='lat'><strong>58</strong></span> <span class='ocrx_word' id='word_1_336' title='bbox 576 3295 688 3332; x_wconf 87' lang='lat' dir='ltr'><strong>von</strong></span> <span class='ocrx_word' id='word_1_337' title='bbox 723 3276 871 3331; x_wconf 84' lang='lat' dir='ltr'><strong>Nero</strong></span> <span class='ocrx_word' id='word_1_338' title='bbox 909 3277 1057 3330; x_wconf 87' lang='lat' dir='ltr'><strong>nach</strong></span> <span class='ocrx_word' id='word_1_339' title='bbox 1093 3276 1380 3331; x_wconf 89' lang='lat' dir='ltr'><strong>Marseille</strong></span> <span class='ocrx_word' id='word_1_340' title='bbox 1414 3278 1695 3331; x_wconf 87' lang='lat' dir='ltr'><strong>verbannt</strong></span> <span class='ocrx_word' id='word_1_341' title='bbox 1730 3276 1848 3329; x_wconf 90' lang='lat' dir='ltr'><strong>und</strong></span> <span class='ocrx_word' id='word_1_342' title='bbox 1895 3276 2023 3330; x_wconf 86' lang='lat' dir='ltr'><strong>dort</strong></span> <span class='ocrx_word' id='word_1_343' title='bbox 2075 3275 2155 3329; x_wconf 93' lang='lat' dir='ltr'><strong>im</strong></span> <span class='ocrx_word' id='word_1_344' title='bbox 2191 3276 2240 3331; x_wconf 86' lang='lat' dir='ltr'><strong>J.</strong></span> <span class='ocrx_word' id='word_1_345' title='bbox 2272 3282 2339 3330; x_wconf 88' lang='grc'><strong>62</strong></span> <span class='ocrx_word' id='word_1_346' title='bbox 2388 3276 2493 3330; x_wconf 88' lang='lat' dir='ltr'><strong>auf</strong></span> <span class='ocrx_word' id='word_1_347' title='bbox 2524 3277 2628 3331; x_wconf 90' lang='lat' dir='ltr'><strong>Be-</strong></span> 
     </span>
     <span class='ocr_line' id='line_1_37' title="bbox 279 3346 2624 3429; baseline 0 -28"><span class='ocrx_word' id='word_1_348' title='bbox 279 3348 397 3402; x_wconf 86' lang='lat' dir='ltr'><strong>fehl</strong></span> <span class='ocrx_word' id='word_1_349' title='bbox 434 3348 731 3403; x_wconf 89' lang='lat' dir='ltr'><strong>desselben</strong></span> <span class='ocrx_word' id='word_1_350' title='bbox 767 3348 1062 3403; x_wconf 88' lang='lat' dir='ltr'><strong>ermordet.</strong></span> <span class='ocrx_word' id='word_1_351' title='bbox 1130 3350 1141 3429; x_wconf 72' lang='grc' dir='ltr'>Ι</span> <span class='ocrx_word' id='word_1_352' title='bbox 1214 3348 1350 3403; x_wconf 86' lang='lat' dir='ltr'><strong>Otho</strong></span> <span class='ocrx_word' id='word_1_353' title='bbox 1385 3346 1463 3401; x_wconf 87' lang='lat' dir='ltr'><strong>ist</strong></span> <span class='ocrx_word' id='word_1_354' title='bbox 1497 3348 1715 3402; x_wconf 86' lang='lat' dir='ltr'><strong>Bruder</strong></span> <span class='ocrx_word' id='word_1_355' title='bbox 1751 3348 1850 3402; x_wconf 87' lang='lat' dir='ltr'><strong>des</strong></span> <span class='ocrx_word' id='word_1_356' title='bbox 1888 3346 2341 3417; x_wconf 80' lang='lat' dir='ltr'><strong>gleichnamigen</strong></span> <span class='ocrx_word' id='word_1_357' title='bbox 2369 3346 2624 3402; x_wconf 68' lang='lat' dir='ltr'><strong>-Kaisers</strong></span> 
     </span>
     <span class='ocr_line' id='line_1_38' title="bbox 279 3417 2627 3490; baseline -0 -17"><span class='ocrx_word' id='word_1_358' title='bbox 279 3420 409 3489; x_wconf 84' lang='lat' dir='ltr'><strong>Agr.</strong></span> <span class='ocrx_word' id='word_1_359' title='bbox 441 3426 472 3473; x_wconf 85' lang='lat'>6</span> <span class='ocrx_word' id='word_1_360' title='bbox 513 3418 688 3473; x_wconf 85' lang='lat' dir='ltr'><strong>heisst</strong></span> <span class='ocrx_word' id='word_1_361' title='bbox 723 3436 783 3474; x_wconf 90' lang='lat' dir='ltr'><strong>er</strong></span> <span class='ocrx_word' id='word_1_362' title='bbox 819 3418 1039 3474; x_wconf 85' lang='lat' dir='ltr'><strong>Salvius</strong></span> <span class='ocrx_word' id='word_1_363' title='bbox 1077 3418 1353 3474; x_wconf 76' lang='lat' dir='ltr'><strong>Titianus.</strong></span> <span class='ocrx_word' id='word_1_364' title='bbox 1389 3420 1396 3490; x_wconf 87' lang='grc' dir='ltr'>Ι</span> <span class='ocrx_word' id='word_1_365' title='bbox 1429 3417 1744 3474; x_wconf 81' lang='lat' dir='ltr'><strong>DerVater</strong></span> <span class='ocrx_word' id='word_1_366' title='bbox 1780 3418 1879 3472; x_wconf 86' lang='lat' dir='ltr'><strong>des</strong></span> <span class='ocrx_word' id='word_1_367' title='bbox 1908 3418 2125 3472; x_wconf 80' lang='lat' dir='ltr'><strong>erius</strong></span> <span class='ocrx_word' id='word_1_368' title='bbox 2164 3417 2430 3472; x_wconf 74' lang='lat' dir='ltr'><strong>Camillus</strong></span> <span class='ocrx_word' id='word_1_369' title='bbox 2465 3418 2627 3472; x_wconf 89' lang='lat' dir='ltr'><strong>hatte</strong></span> 
     </span>
     <span class='ocr_line' id='line_1_39' title="bbox 281 3487 2629 3559; baseline -0 -17"><span class='ocrx_word' id='word_1_370' title='bbox 281 3489 359 3543; x_wconf 87' lang='lat' dir='ltr'><strong>im</strong></span> <span class='ocrx_word' id='word_1_371' title='bbox 393 3491 442 3545; x_wconf 88' lang='lat' dir='ltr'><strong>J.</strong></span> <span class='ocrx_word' id='word_1_372' title='bbox 473 3496 541 3544; x_wconf 82' lang='grc'><strong>42</strong></span> <span class='ocrx_word' id='word_1_373' title='bbox 580 3489 700 3544; x_wconf 88' lang='lat' dir='ltr'><strong>sich</strong></span> <span class='ocrx_word' id='word_1_374' title='bbox 739 3490 823 3544; x_wconf 89' lang='lat' dir='ltr'><strong>als</strong></span> <span class='ocrx_word' id='word_1_375' title='bbox 859 3490 1040 3559; x_wconf 86' lang='lat' dir='ltr'><strong>Legat</strong></span> <span class='ocrx_word' id='word_1_376' title='bbox 1076 3508 1186 3545; x_wconf 89' lang='lat' dir='ltr'><strong>von</strong></span> <span class='ocrx_word' id='word_1_377' title='bbox 1221 3488 1548 3544; x_wconf 89' lang='lat' dir='ltr'><strong>Dalmatien</strong></span> <span class='ocrx_word' id='word_1_378' title='bbox 1585 3491 1829 3558; x_wconf 69' lang='lat' dir='ltr'><strong>empbrt,</strong></span> <span class='ocrx_word' id='word_1_379' title='bbox 1866 3505 1983 3542; x_wconf 84' lang='lat' dir='ltr'><strong>war</strong></span> <span class='ocrx_word' id='word_1_380' title='bbox 2027 3487 2164 3542; x_wconf 88' lang='lat' dir='ltr'><strong>aber</strong></span> <span class='ocrx_word' id='word_1_381' title='bbox 2208 3505 2321 3542; x_wconf 86' lang='lat' dir='ltr'><strong>von</strong></span> <span class='ocrx_word' id='word_1_382' title='bbox 2359 3488 2475 3558; x_wconf 69' lang='lat' dir='ltr'><strong>den,</strong></span> <span class='ocrx_word' id='word_1_383' title='bbox 2507 3488 2629 3543; x_wconf 86' lang='lat' dir='ltr'><strong>Sol-</strong></span> 
     </span>
     <span class='ocr_line' id='line_1_40' title="bbox 279 3557 2624 3643; baseline 0 -30"><span class='ocrx_word' id='word_1_384' title='bbox 279 3561 449 3616; x_wconf 89' lang='lat' dir='ltr'><strong>daten</strong></span> <span class='ocrx_word' id='word_1_385' title='bbox 502 3561 640 3615; x_wconf 90' lang='lat' dir='ltr'><strong>bald</strong></span> <span class='ocrx_word' id='word_1_386' title='bbox 693 3560 773 3614; x_wconf 87' lang='lat' dir='ltr'><strong>im</strong></span> <span class='ocrx_word' id='word_1_387' title='bbox 827 3560 985 3615; x_wconf 86' lang='lat' dir='ltr'><strong>Stich</strong></span> <span class='ocrx_word' id='word_1_388' title='bbox 1039 3560 1299 3643; x_wconf 82' lang='lat' dir='ltr'><strong>gelassen</strong></span> <span class='ocrx_word' id='word_1_389' title='bbox 1354 3560 1470 3614; x_wconf 88' lang='lat' dir='ltr'><strong>und</strong></span> <span class='ocrx_word' id='word_1_390' title='bbox 1522 3563 1704 3615; x_wconf 69' lang='lat' dir='ltr'><strong>totete</strong></span> <span class='ocrx_word' id='word_1_391' title='bbox 1760 3558 1881 3612; x_wconf 90' lang='lat' dir='ltr'><strong>sich</strong></span> <span class='ocrx_word' id='word_1_392' title='bbox 1936 3558 2040 3613; x_wconf 88' lang='lat' dir='ltr'><strong>auf</strong></span> <span class='ocrx_word' id='word_1_393' title='bbox 2090 3559 2189 3612; x_wconf 86' lang='lat' dir='ltr'><strong>der</strong></span> <span class='ocrx_word' id='word_1_394' title='bbox 2233 3557 2381 3612; x_wconf 85' lang='lat' dir='ltr'><strong>Insel</strong></span> <span class='ocrx_word' id='word_1_395' title='bbox 2436 3560 2570 3614; x_wconf 89' lang='lat' dir='ltr'><strong>Issa.</strong></span> <span class='ocrx_word' id='word_1_396' title='bbox 2614 3561 2624 3632; x_wconf 75' lang='grc' dir='ltr'>Ι</span> 
     </span>
     <span class='ocr_line' id='line_1_41' title="bbox 281 3628 2622 3702; baseline -0.001 -15"><span class='ocrx_word' id='word_1_397' title='bbox 281 3638 328 3687; x_wconf 83' lang='grc'><strong>2.</strong></span> <span class='ocrx_word' id='word_1_398' title='bbox 367 3634 527 3702; x_wconf 74' lang='lat' dir='ltr'><strong>quasi</strong></span> <span class='ocrx_word' id='word_1_399' title='bbox 565 3632 716 3687; x_wconf 81' lang='lat' dir='ltr'><strong>‘weil</strong></span> <span class='ocrx_word' id='word_1_400' title='bbox 751 3648 811 3686; x_wconf 89' lang='lat' dir='ltr'><strong>er</strong></span> <span class='ocrx_word' id='word_1_401' title='bbox 848 3631 1191 3701; x_wconf 88' lang='lat' dir='ltr'><strong>angebhch’.</strong></span> <span class='ocrx_word' id='word_1_402' title='bbox 1254 3631 1518 3686; x_wconf 79' lang='lat' dir='ltr'><strong>Disselbe</strong></span> <span class='ocrx_word' id='word_1_403' title='bbox 1556 3631 1892 3698; x_wconf 83' lang='lat' dir='ltr'><strong>Bedeutung</strong></span> <span class='ocrx_word' id='word_1_404' title='bbox 1926 3630 2029 3683; x_wconf 88' lang='lat' dir='ltr'><strong>hat</strong></span> <span class='ocrx_word' id='word_1_405' title='bbox 2065 3629 2167 3682; x_wconf 86' lang='lat' dir='ltr'><strong>das</strong></span> <span class='ocrx_word' id='word_1_406' title='bbox 2204 3628 2471 3698; x_wconf 83' lang='lat' dir='ltr'><strong>folgende</strong></span> <span class='ocrx_word' id='word_1_407' title='bbox 2507 3637 2587 3685; x_wconf 77' lang='lat' dir='ltr'><strong>at.</strong></span> <span class='ocrx_word' id='word_1_408' title='bbox 2615 3638 2622 3702; x_wconf 76' lang='grc' dir='ltr'>Ι</span> 
     </span>
     <span class='ocr_line' id='line_1_42' title="bbox 279 3699 2629 3785; baseline -0.001 -28"><span class='ocrx_word' id='word_1_409' title='bbox 279 3709 327 3757; x_wconf 82' lang='grc'><strong>3.</strong></span> <span class='ocrx_word' id='word_1_410' title='bbox 367 3706 751 3759; x_wconf 77' lang='lat' dir='ltr'><strong>adnectebatur</strong></span> <span class='ocrx_word' id='word_1_411' title='bbox 786 3704 1010 3758; x_wconf 81' lang='lat' dir='ltr'><strong>crimini</strong></span> <span class='ocrx_word' id='word_1_412' title='bbox 1047 3702 1174 3784; x_wconf 75' lang='lat' dir='ltr'><strong>‘mit</strong></span> <span class='ocrx_word' id='word_1_413' title='bbox 1209 3703 1270 3757; x_wconf 90' lang='lat' dir='ltr'><strong>in</strong></span> <span class='ocrx_word' id='word_1_414' title='bbox 1308 3701 1400 3785; x_wconf 71' lang='lat' dir='ltr'><strong>die</strong></span> <span class='ocrx_word' id='word_1_415' title='bbox 1436 3702 1698 3772; x_wconf 85' lang='lat' dir='ltr'><strong>Anklage</strong></span> <span class='ocrx_word' id='word_1_416' title='bbox 1734 3700 2035 3783; x_wconf 73' lang='lat' dir='ltr'><strong>verstrickt</strong></span> <span class='ocrx_word' id='word_1_417' title='bbox 2068 3699 2301 3754; x_wconf 81' lang='lat' dir='ltr'><strong>wurde&#39;.</strong></span> <span class='ocrx_word' id='word_1_418' title='bbox 2336 3703 2345 3771; x_wconf 78' lang='lat'>1</span> <span class='ocrx_word' id='word_1_419' title='bbox 2376 3705 2426 3753; x_wconf 83' lang='lat'><strong>4.</strong></span> <span class='ocrx_word' id='word_1_420' title='bbox 2467 3716 2629 3755; x_wconf 77' lang='lat' dir='ltr'><strong>casus</strong></span> 
     </span>
     <span class='ocr_line' id='line_1_43' title="bbox 273 3770 2629 3915; baseline -0.001 -16"><span class='ocrx_word' id='word_1_421' title='bbox 273 3773 1041 3915; x_wconf 43' lang='lat'><strong>{332332215533532223&#39;3}</strong></span> <span class='ocrx_word' id='word_1_422' title='bbox 1067 3790 1150 3899; x_wconf 62' lang='grc' dir='ltr'><strong>ἔξ</strong></span> <span class='ocrx_word' id='word_1_423' title='bbox 1153 3774 1322 3899; x_wconf 51' lang='grc' dir='ltr'><strong>1ὲέῗῖ</strong></span> <span class='ocrx_word' id='word_1_424' title='bbox 1337 3773 1676 3915; x_wconf 50' lang='grc' dir='ltr'><strong>Βέθὲθῗὲἱῖῗ.</strong></span> <span class='ocrx_word' id='word_1_425' title='bbox 1693 3770 2212 3911; x_wconf 48' lang='grc' dir='ltr'><strong>’ἰῖἓῖῗὲῗὲτῗάἒῗέἐ</strong></span> <span class='ocrx_word' id='word_1_426' title='bbox 2235 3785 2629 3911; x_wconf 53' lang='lat' dir='ltr'><strong>“mm</strong></span> 
     </span>
     <span class='ocr_line' id='line_1_44' title="bbox 280 3912 2629 3986; baseline -0.002 -16"><span class='ocrx_word' id='word_1_427' title='bbox 280 3916 471 3970; x_wconf 78' lang='lat' dir='ltr'><strong>bellum</strong></span> <span class='ocrx_word' id='word_1_428' title='bbox 507 3933 712 3970; x_wconf 77' lang='lat' dir='ltr'><strong>sumere</strong></span> <span class='ocrx_word' id='word_1_429' title='bbox 748 3915 1011 3986; x_wconf 78' lang='grc' dir='ltr'><strong>(πόλεμον</strong></span> <span class='ocrx_word' id='word_1_430' title='bbox 1049 3914 1359 3985; x_wconf 77' lang='grc' dir='ltr'>αἱρεῖσθαι)</span> <span class='ocrx_word' id='word_1_431' title='bbox 1415 3917 1559 3970; x_wconf 88' lang='lat' dir='ltr'><strong>statt</strong></span> <span class='ocrx_word' id='word_1_432' title='bbox 1613 3931 1772 3969; x_wconf 85' lang='lat' dir='ltr'><strong>arma</strong></span> <span class='ocrx_word' id='word_1_433' title='bbox 1824 3930 2030 3968; x_wconf 81' lang='lat' dir='ltr'><strong>sumere</strong></span> <span class='ocrx_word' id='word_1_434' title='bbox 2084 3930 2129 3967; x_wconf 88' lang='lat' dir='ltr'><strong>z.</strong></span> <span class='ocrx_word' id='word_1_435' title='bbox 2159 3913 2222 3967; x_wconf 93' lang='lat' dir='ltr'><strong>B.</strong></span> <span class='ocrx_word' id='word_1_436' title='bbox 2262 3918 2293 3965; x_wconf 95' lang='grc'><strong>2</strong></span> <span class='ocrx_word' id='word_1_437' title='bbox 2309 3956 2323 3980; x_wconf 94' lang='grc'>,</span> <span class='ocrx_word' id='word_1_438' title='bbox 2350 3917 2420 3966; x_wconf 81' lang='lat'><strong>45</strong></span> <span class='ocrx_word' id='word_1_439' title='bbox 2479 3912 2629 3966; x_wconf 88' lang='lat' dir='ltr'><strong>nach</strong></span> 
     </span>
     <span class='ocr_line' id='line_1_45' title="bbox 277 3982 2627 4057; baseline -0.001 -18"><span class='ocrx_word' id='word_1_440' title='bbox 277 3985 408 4041; x_wconf 82' lang='lat' dir='ltr'><strong>Sall.</strong></span> <span class='ocrx_word' id='word_1_441' title='bbox 437 3986 562 4056; x_wconf 84' lang='lat' dir='ltr'><strong>Jug.</strong></span> <span class='ocrx_word' id='word_1_442' title='bbox 594 3993 681 4055; x_wconf 87' lang='grc'><strong>20,</strong></span> <span class='ocrx_word' id='word_1_443' title='bbox 711 3992 757 4041; x_wconf 85' lang='grc'><strong>5.</strong></span> <span class='ocrx_word' id='word_1_444' title='bbox 792 3988 801 4057; x_wconf 92' lang='grc' dir='ltr'>Ι</span> <span class='ocrx_word' id='word_1_445' title='bbox 834 3991 883 4041; x_wconf 81' lang='grc' dir='ltr'><strong>ὅ.</strong></span> <span class='ocrx_word' id='word_1_446' title='bbox 922 3987 1168 4041; x_wconf 87' lang='lat' dir='ltr'><strong>trahebat</strong></span> <span class='ocrx_word' id='word_1_447' title='bbox 1205 3986 1257 4041; x_wconf 84' lang='lat' dir='ltr'><strong>d.</strong></span> <span class='ocrx_word' id='word_1_448' title='bbox 1284 3985 1339 4041; x_wconf 91' lang='lat' dir='ltr'><strong>h.</strong></span> <span class='ocrx_word' id='word_1_449' title='bbox 1379 4002 1439 4040; x_wconf 90' lang='lat' dir='ltr'><strong>er</strong></span> <span class='ocrx_word' id='word_1_450' title='bbox 1474 3986 1588 4056; x_wconf 85' lang='lat' dir='ltr'><strong>gab</strong></span> <span class='ocrx_word' id='word_1_451' title='bbox 1627 4002 1686 4039; x_wconf 91' lang='lat' dir='ltr'><strong>es</strong></span> <span class='ocrx_word' id='word_1_452' title='bbox 1715 3984 1883 4039; x_wconf 73' lang='lat' dir='ltr'><strong>daffir</strong></span> <span class='ocrx_word' id='word_1_453' title='bbox 1910 4000 2025 4038; x_wconf 89' lang='lat' dir='ltr'><strong>aus.</strong></span> <span class='ocrx_word' id='word_1_454' title='bbox 2060 3982 2068 4054; x_wconf 82' lang='grc' dir='ltr'>Ι</span> <span class='ocrx_word' id='word_1_455' title='bbox 2103 3988 2150 4037; x_wconf 82' lang='grc'><strong>7.</strong></span> <span class='ocrx_word' id='word_1_456' title='bbox 2190 3990 2355 4038; x_wconf 88' lang='lat' dir='ltr'><strong>morte</strong></span> <span class='ocrx_word' id='word_1_457' title='bbox 2389 3984 2627 4050; x_wconf 78' lang='lat' dir='ltr'><strong>fortuita</strong></span> 
     </span>
     <span class='ocr_line' id='line_1_46' title="bbox 278 4053 2627 4139; baseline -0.002 -28"><span class='ocrx_word' id='word_1_458' title='bbox 278 4074 355 4112; x_wconf 89' lang='lat' dir='ltr'><strong>an</strong></span> <span class='ocrx_word' id='word_1_459' title='bbox 389 4089 458 4097; x_wconf 94' lang='lat'>—</span> <span class='ocrx_word' id='word_1_460' title='bbox 494 4058 794 4139; x_wconf 59' lang='lat' dir='ltr'><strong>vulgavere.</strong></span> <span class='ocrx_word' id='word_1_461' title='bbox 868 4058 935 4110; x_wconf 87' lang='lat' dir='ltr'><strong>In</strong></span> <span class='ocrx_word' id='word_1_462' title='bbox 969 4063 1034 4111; x_wconf 76' lang='lat' dir='ltr'><strong>at</strong></span> <span class='ocrx_word' id='word_1_463' title='bbox 1069 4059 1294 4127; x_wconf 77' lang='lat' dir='ltr'><strong>quisque</strong></span> <span class='ocrx_word' id='word_1_464' title='bbox 1329 4059 1586 4124; x_wconf 86' lang='lat' dir='ltr'><strong>credidit,</strong></span> <span class='ocrx_word' id='word_1_465' title='bbox 1622 4058 1907 4126; x_wconf 74' lang='lat' dir='ltr'><strong>vulyavere</strong></span> <span class='ocrx_word' id='word_1_466' title='bbox 1943 4055 2046 4108; x_wconf 89' lang='lat' dir='ltr'><strong>hat</strong></span> <span class='ocrx_word' id='word_1_467' title='bbox 2084 4054 2184 4108; x_wconf 88' lang='lat' dir='ltr'><strong>der</strong></span> <span class='ocrx_word' id='word_1_468' title='bbox 2220 4053 2627 4109; x_wconf 86' lang='lat' dir='ltr'><strong>Schriftsteller</strong></span> 
     </span>
     <span class='ocr_line' id='line_1_47' title="bbox 279 4122 2626 4197; baseline -0.002 -17"><span class='ocrx_word' id='word_1_469' title='bbox 279 4127 387 4181; x_wconf 88' lang='lat' dir='ltr'><strong>den</strong></span> <span class='ocrx_word' id='word_1_470' title='bbox 431 4127 651 4197; x_wconf 84' lang='lat' dir='ltr'><strong>Begnff</strong></span> <span class='ocrx_word' id='word_1_471' title='bbox 691 4127 789 4181; x_wconf 85' lang='lat' dir='ltr'><strong>des</strong></span> <span class='ocrx_word' id='word_1_472' title='bbox 837 4126 1204 4196; x_wconf 84' lang='lat' dir='ltr'><strong>Ungewissen</strong></span> <span class='ocrx_word' id='word_1_473' title='bbox 1249 4127 1465 4197; x_wconf 83' lang='lat' dir='ltr'><strong>gelegt,</strong></span> <span class='ocrx_word' id='word_1_474' title='bbox 1511 4145 1622 4182; x_wconf 86' lang='lat' dir='ltr'><strong>von</strong></span> <span class='ocrx_word' id='word_1_475' title='bbox 1666 4128 1795 4182; x_wconf 89' lang='lat' dir='ltr'><strong>dem</strong></span> <span class='ocrx_word' id='word_1_476' title='bbox 1843 4125 1942 4180; x_wconf 89' lang='lat' dir='ltr'><strong>der</strong></span> <span class='ocrx_word' id='word_1_477' title='bbox 1986 4125 2289 4195; x_wconf 84' lang='lat' dir='ltr'><strong>Fragesatz</strong></span> <span class='ocrx_word' id='word_1_478' title='bbox 2336 4122 2626 4192; x_wconf 68' lang='lat' dir='ltr'><strong>abhangig</strong></span> 
     </span>
     <span class='ocr_line' id='line_1_48' title="bbox 276 4195 2626 4269; baseline -0.002 -17"><span class='ocrx_word' id='word_1_479' title='bbox 276 4198 540 4269; x_wconf 81' lang='lat' dir='ltr'><strong>gemacht</strong></span> <span class='ocrx_word' id='word_1_480' title='bbox 592 4197 817 4252; x_wconf 86' lang='lat' dir='ltr'><strong>werden</strong></span> <span class='ocrx_word' id='word_1_481' title='bbox 870 4197 1099 4252; x_wconf 82' lang='lat' dir='ltr'><strong>konnte.</strong></span> <span class='ocrx_word' id='word_1_482' title='bbox 1173 4197 1398 4252; x_wconf 86' lang='lat' dir='ltr'><strong>Ebenso</strong></span> <span class='ocrx_word' id='word_1_483' title='bbox 1454 4204 1539 4266; x_wconf 85' lang='lat'><strong>14,</strong></span> <span class='ocrx_word' id='word_1_484' title='bbox 1569 4204 1600 4252; x_wconf 85' lang='lat'>9</span> <span class='ocrx_word' id='word_1_485' title='bbox 1657 4198 1997 4267; x_wconf 73' lang='lat' dir='ltr'><strong>aspexeritne</strong></span> <span class='ocrx_word' id='word_1_486' title='bbox 2058 4203 2283 4251; x_wconf 85' lang='lat' dir='ltr'><strong>matrem</strong></span> <span class='ocrx_word' id='word_1_487' title='bbox 2335 4195 2626 4250; x_wconf 79' lang='lat' dir='ltr'><strong>exaninem</strong></span> 
     </span>
     <span class='ocr_line' id='line_1_49' title="bbox 277 4265 2626 4338; baseline -0.003 -13"><span class='ocrx_word' id='word_1_488' title='bbox 277 4270 425 4325; x_wconf 86' lang='lat' dir='ltr'><strong>Nero</strong></span> <span class='ocrx_word' id='word_1_489' title='bbox 462 4277 514 4325; x_wconf 90' lang='lat' dir='ltr'><strong>et</strong></span> <span class='ocrx_word' id='word_1_490' title='bbox 546 4270 783 4337; x_wconf 79' lang='lat' dir='ltr'><strong>formam</strong></span> <span class='ocrx_word' id='word_1_491' title='bbox 817 4270 1062 4338; x_wconf 85' lang='lat' dir='ltr'><strong>corporis</strong></span> <span class='ocrx_word' id='word_1_492' title='bbox 1096 4270 1214 4324; x_wconf 76' lang='lat' dir='ltr'><strong>eius</strong></span> <span class='ocrx_word' id='word_1_493' title='bbox 1251 4268 1585 4336; x_wconf 76' lang='lat' dir='ltr'><strong>laudaverit,</strong></span> <span class='ocrx_word' id='word_1_494' title='bbox 1634 4275 1765 4324; x_wconf 65' lang='lat' dir='ltr'><strong>simt</strong></span> <span class='ocrx_word' id='word_1_495' title='bbox 1813 4269 1910 4337; x_wconf 77' lang='lat' dir='ltr'><strong>qai</strong></span> <span class='ocrx_word' id='word_1_496' title='bbox 1958 4267 2315 4333; x_wconf 77' lang='lat' dir='ltr'><strong>tradiderint,</strong></span> <span class='ocrx_word' id='word_1_497' title='bbox 2350 4271 2481 4320; x_wconf 65' lang='lat' dir='ltr'><strong>simt</strong></span> <span class='ocrx_word' id='word_1_498' title='bbox 2528 4265 2626 4333; x_wconf 77' lang='lat' dir='ltr'><strong>qui</strong></span> 
     </span>
     <span class='ocr_line' id='line_1_50' title="bbox 277 4336 2625 4411; baseline -0.003 -16"><span class='ocrx_word' id='word_1_499' title='bbox 277 4341 538 4396; x_wconf 77' lang='lat' dir='ltr'><strong>abnuant.</strong></span> <span class='ocrx_word' id='word_1_500' title='bbox 573 4342 582 4411; x_wconf 94' lang='grc' dir='ltr'>Ι</span> <span class='ocrx_word' id='word_1_501' title='bbox 615 4347 663 4397; x_wconf 86' lang='grc'><strong>8.</strong></span> <span class='ocrx_word' id='word_1_502' title='bbox 693 4339 800 4395; x_wconf 90' lang='lat' dir='ltr'><strong>Die</strong></span> <span class='ocrx_word' id='word_1_503' title='bbox 837 4341 1206 4396; x_wconf 79' lang='lat' dir='ltr'><strong>mathematici</strong></span> <span class='ocrx_word' id='word_1_504' title='bbox 1241 4339 1378 4394; x_wconf 87' lang='lat' dir='ltr'><strong>oder</strong></span> <span class='ocrx_word' id='word_1_505' title='bbox 1417 4340 1689 4394; x_wconf 79' lang='lat' dir='ltr'><strong>Chaldaei</strong></span> <span class='ocrx_word' id='word_1_506' title='bbox 1725 4338 1853 4393; x_wconf 88' lang='lat' dir='ltr'><strong>sind</strong></span> <span class='ocrx_word' id='word_1_507' title='bbox 1881 4336 2233 4404; x_wconf 86' lang='lat' dir='ltr'><strong>Astrologen.</strong></span> <span class='ocrx_word' id='word_1_508' title='bbox 2267 4338 2276 4405; x_wconf 88' lang='grc' dir='ltr'>Ι</span> <span class='ocrx_word' id='word_1_509' title='bbox 2309 4341 2358 4390; x_wconf 87' lang='grc'><strong>9.</strong></span> <span class='ocrx_word' id='word_1_510' title='bbox 2397 4342 2448 4390; x_wconf 90' lang='lat' dir='ltr'><strong>et</strong></span> <span class='ocrx_word' id='word_1_511' title='bbox 2484 4336 2625 4388; x_wconf 88' lang='lat' dir='ltr'><strong>statt</strong></span> 
     </span>
     <span class='ocr_line' id='line_1_51' title="bbox 275 4407 2623 4479; baseline -0.003 -13"><span class='ocrx_word' id='word_1_512' title='bbox 275 4412 391 4479; x_wconf 85' lang='lat' dir='ltr'><strong>sed,</strong></span> <span class='ocrx_word' id='word_1_513' title='bbox 444 4410 552 4465; x_wconf 77' lang='lat' dir='ltr'><strong>wie</strong></span> <span class='ocrx_word' id='word_1_514' title='bbox 592 4418 639 4479; x_wconf 88' lang='lat'><strong>1,</strong></span> <span class='ocrx_word' id='word_1_515' title='bbox 671 4418 737 4466; x_wconf 85' lang='lat'><strong>13</strong></span> <span class='ocrx_word' id='word_1_516' title='bbox 793 4412 1021 4469; x_wconf 81' lang='lat' dir='ltr'><strong>avidum</strong></span> <span class='ocrx_word' id='word_1_517' title='bbox 1056 4417 1107 4466; x_wconf 90' lang='lat' dir='ltr'><strong>et</strong></span> <span class='ocrx_word' id='word_1_518' title='bbox 1141 4410 1428 4477; x_wconf 75' lang='lat' dir='ltr'><strong>minorem,</strong></span> <span class='ocrx_word' id='word_1_519' title='bbox 1486 4414 1571 4476; x_wconf 84' lang='lat'><strong>14,</strong></span> <span class='ocrx_word' id='word_1_520' title='bbox 1601 4415 1668 4462; x_wconf 82' lang='lat'><strong>65</strong></span> <span class='ocrx_word' id='word_1_521' title='bbox 1723 4425 1926 4479; x_wconf 74' lang='lat' dir='ltr'><strong>maqna</strong></span> <span class='ocrx_word' id='word_1_522' title='bbox 1978 4408 2141 4461; x_wconf 84' lang='lat' dir='ltr'><strong>moles</strong></span> <span class='ocrx_word' id='word_1_523' title='bbox 2185 4413 2236 4461; x_wconf 93' lang='lat' dir='ltr'><strong>et</strong></span> <span class='ocrx_word' id='word_1_524' title='bbox 2281 4407 2623 4474; x_wconf 76' lang='lat' dir='ltr'><strong>inprospera,</strong></span> 
     </span>
    </p>

    <p class='ocr_par' dir='ltr' id='par_1_7' title="bbox 382 4500 2197 4564">
     <span class='ocr_line' id='line_1_52' title="bbox 382 4500 2197 4564; baseline 0.006 -15"><span class='ocrx_word' id='word_1_525' title='bbox 382 4510 489 4550; x_wconf 72' lang='lat' dir='ltr'><strong>Tac.</strong></span> <span class='ocrx_word' id='word_1_526' title='bbox 518 4510 686 4550; x_wconf 67' lang='lat' dir='ltr'><strong>Amul.</strong></span> <span class='ocrx_word' id='word_1_527' title='bbox 714 4512 777 4551; x_wconf 90' lang='grc' dir='ltr'><strong>ΙΙ.</strong></span> <span class='ocrx_word' id='word_1_528' title='bbox 808 4510 888 4564; x_wconf 72' lang='lat' dir='ltr'><strong>1s2.</strong></span> <span class='ocrx_word' id='word_1_529' title='bbox 2166 4500 2197 4546; x_wconf 88' lang='lat'>5</span> 
     </span>
    </p>
   </div>
  </div>
 </body>
</html>
