3075 4800
387 258 477 321 90
739 255 1085 310 CORNELII
1122 255 1364 317 ἝΑΟΙΤΙ
1399 256 1496 309 ΑΒ
1532 255 1853 310 EXCESSU
1892 255 2046 310 DIVI
2082 255 2400 311 AUGUSTI

387 442 505 485 nec
568 419 869 483 ruborem
933 417 1248 482 adlatura:
1315 418 1428 481 ubi
1482 417 1856 482 Britannico
1921 420 2111 482 iussit
2169 422 2542 504 exsurgeret
2594 440 2743 502 pro-

389 530 773 595 gressusque
828 508 898 571 in
950 507 1232 571 medium
1288 511 1549 571 cantum
1605 506 1885 589 aliquem
1941 508 2278 591 inciperet,
2331 508 2604 572 inrisum
2662 530 2741 572 ex

390 619 464 661 eo
522 618 783 680 sperans
829 596 1012 679 pueri
1059 595 1308 659 sobrios
1356 616 1613 678 quoque
1660 596 2020 679 convictus,
2064 596 2301 660 nedum
2348 596 2739 660 temulentos

318 712 371 751 ιο
389 686 774 772 ignorantis,
829 684 937 748 ille
993 687 1362 748 constanter
1415 705 1680 747 exorsus
1737 688 1835 747 est
1889 705 2171 769 carmen,
2229 706 2357 768 quo
2406 684 2739 750 evolutum

388 797 534 838 eum
599 774 745 838 sede
806 773 1016 857 patria
1068 773 1386 855 rebusque
1444 773 1712 836 summis
1771 773 2270 858 significabatur.
2372 773 2541 837 unde
2597 778 2740 837 orta

386 864 714 927 miseratio
788 861 1215 944 manifestior,
1288 862 1440 944 quia
1508 861 2086 925 dissimulationem
2149 883 2281 925 nox
2345 866 2411 925 et
2472 861 2738 927 lascivia

387 955 725 1015 exemerat.
816 950 992 1016 Nero
1049 949 1376 1014 intellecta
1420 950 1662 1014 invidia
1708 951 1926 1014 odium
1974 950 2276 1035 intendit3
2332 951 2739 1036 urgentibus-

387 1062 510 1123 que
556 1038 955 1126 Agrippinae
1008 1039 1229 1121 m‘mis,
1285 1039 1437 1121 quia
1490 1038 1743 1102 nullum
1791 1039 2034 1102 crimen
2078 1060 2286 1122 neque
2332 1039 2554 1103 iubere
2601 1060 2738 1103 cae-

315 1155 366 1195 15
386 1130 531 1193 dem
576 1130 796 1192 fratris
841 1127 1056 1211 palam
1104 1127 1395 1210 audebat,
1442 1127 1695 1191 occulta
1740 1127 2007 1191 molitur
2041 1128 2383 1211 pararique
2420 1150 2737 1193 venenum

385 1218 581 1301 iubet,
627 1218 924 1281 ministro
969 1215 1264 1279 Pollione
1301 1213 1469 1279 Iulio
1506 1217 1865 1299 praetoriae
1903 1215 2188 1280 cohortis
2228 1217 2508 1300 tribunO,
2555 1217 2737 1281 cuius

386 1328 538 1370 cura
584 1306 979 1370 attinebatur
1024 1304 1325 1370 damnata
1369 1305 1660 1368 veneficii
1706 1305 1966 1368 nomine
2011 1303 2308 1388 Locusta,
2355 1305 2562 1369 multa
2608 1326 2736 1369 sce·

383 1394 590 1458 lerum
646 1395 834 1458 fama.
925 1416 1075 1457 nam
1131 1397 1205 1456 ut
1257 1394 1591 1476 proximus
1648 1393 1918 1476 quisque
1963 1393 2338 1458 Britannico
2383 1415 2591 1477 neque
2636 1393 2736 1464 fas

384 1505 592 1566 neque
637 1483 830 1546 fidem
875 1483 1058 1565 pensi
1103 1481 1385 1564 haberet,
1433 1481 1590 1544 olim
1627 1482 1960 1565 provisum
1999 1486 2150 1546 erat.
2233 1483 2515 1565 primum
2553 1504 2737 1546 vene-

310 1596 367 1636 20
384 1594 541 1635 1111111
597 1572 679 1635 ab
733 1572 891 1654 ipsis
949 1570 1397 1634 educatoribus
1452 1571 1725 1654 accepit,
1781 1571 2186 1654 tramisitque
2243 1571 2536 1635 exsoluta
2589 1570 2732 1634 alvo

383 1658 991 1812 {fflessssfflffizi
1008 1659 1764 1829 Sissssessfr‘sspeffissiffin
1788 1658 2408 1813 ἓῑίἓῗὲἐθέῑῗὲζῗ
2446 1661 2734 1812 83ῗέἑὲῖὲ

1338 1789 1355 1801 “
2416 1798 2433 1827 7

384 1836 773 1920 supplicium
838 1836 1179 1918 veneficae,
1254 1835 1453 1917 quod,
1525 1835 1679 1898 dum
1742 1857 2066 1900 rumorem
2130 1837 2509 1923 respiciunt,
2582 1838 2734 1901 dum

382 1929 614 2008 parant
686 1924 1114 2008 defensiones,
1188 1923 1596 1988 securitatem
1669 1929 2087 1989 morarentur.
2206 1926 2734 2009 promittentibus

310 2038 363 2078 25
384 2014 533 2077 dein
596 2018 730 2077 tam
783 2013 1198 2097 praecipitem
1253 2033 1492 2096 necem,
1549 2034 1742 2095 quam
1798 2014 1854 2076 si
1908 2012 2078 2077 ferro
2135 2018 2499 2099 urgeretur,
2563 2014 2736 2078 cubi-

383 2102 600 2166 culum
649 2101 937 2166 Caesaris
992 2103 1174 2165 iuxta
1228 2101 1609 2184 decoquitur
1664 2102 1840 2165 virus
1896 2103 2173 2188 cognitis
2231 2106 2419 2167 antea
2473 2104 2734 2168 venenis

381 2192 694 2274 rapidum.

279 2278 361 2341 16
558 2279 703 2343 Mos
748 2279 1105 2343 habebatur
1148 2279 1514 2362 principum
1563 2278 1800 2342 liberos
1848 2299 1995 2342 cum
2033 2280 2259 2343 ceteris
2297 2280 2467 2344 idem
2504 2281 2733 2344 aetatis

381 2367 708 2431 nobilibus
770 2366 1059 2431 sedentes
1115 2368 1286 2432 vesci
1341 2369 1411 2432 in
1464 2370 1730 2450 aspectu
1783 2368 2296 2451 propinquorum
2350 2369 2610 2453 propria
2666 2373 2732 2434 et

382 2573 660 2628 dui-chaus
686 2574 981 2644 klassisch,
1019 2593 1059 2630 s.
1091 2575 1201 2630 Cic.
1230 2575 1382 2630 Lael.
1414 2583 1464 2644 2,
1494 2583 1543 2630 6.
1578 2579 1587 2645 Ι
1621 2582 1668 2630 7.
1700 2578 1964 2632 adlatwra
1993 2594 2063 2632 sc.
2095 2579 2274 2647 iussit,
2313 2596 2354 2632 s.
2385 2596 2452 2630 zu
2480 2582 2530 2644 3,
2559 2583 2645 2645 56,
2678 2583 2727 2646 7,

378 2661 467 2699 wo
503 2643 825 2714 gleichfalls
863 2645 964 2700 das
1003 2647 1133 2700 dem
1167 2646 1386 2716 Haupt-
1422 2647 1539 2699 und
1576 2646 1896 2702 Nebeusatz
1933 2647 2316 2717 gemeinsame
2341 2646 2613 2702 Pradikaf,
2648 2647 2730 2702 im

379 2715 703 2771 Nebensatz
742 2717 909 2772 steht.
944 2717 951 2790 Ι
983 2704 1137 2772 Uber
1163 2719 1347 2773 iubere
1372 2717 1481 2771 mit
1509 2718 1639 2772 dem
1666 2718 1841 2773 Dativ
1867 2720 1981 2788 vgl.
2012 2719 2154 2788 Kap.
2176 2726 2246 2774 40
2266 2721 2459 2790 quibu-s
2477 2720 2730 2787 iusserat,

377 2794 443 2842 ut
478 2820 549 2828 -
584 2788 888 2844 resisterent
922 2789 1040 2842 und
1077 2807 1118 2843 s.
1159 2795 1211 2858 4,
1244 2793 1328 2858 72,
1357 2794 1389 2842 3
1430 2790 1696 2845 tributum
1731 2791 1805 2844 iis
1840 2790 2066 2845 Drusus
2100 2791 2336 2846 iusserat
2371 2798 2460 2860 (=
2497 2792 2733 2860 impera-

376 2861 564 2929 verat).
599 2859 608 2929 Ι
641 2865 689 2913 9.
727 2877 936 2930 quoqne
970 2860 1085 2914 fast
1121 2887 1189 2906 =
1233 2860 1453 2915 ‘sehon'
1494 2877 1537 2915 s.
1576 2878 1646 2914 zu
1680 2859 1822 2930 Kap.
1856 2866 1939 2928 11,
1967 2866 2017 2915 4.
2051 2864 2060 2931 Ι
2095 2866 2180 2915 10.
2218 2869 2526 2918 constanter
2566 2864 2732 2932 ‘ganz

377 2929 681 2999 gelassen’,
732 2930 1158 3001 ‘unbefangen’.
1202 2933 1210 3000 Ι
1250 2933 1497 2987 evolutus
1543 2934 1685 2986 statt
1731 2934 2013 3001 depulsus,
2061 2933 2405 3000 deturbatae,
2451 2932 2566 3003 vgl.
2605 2934 2730 2989 Sen.

379 2999 545 3069 epist.
575 3006 658 3069 74,
689 3007 721 3052 3
759 3004 870 3057 acti
903 3005 968 3056 in
1003 3003 1234 3058 exilium
1268 3010 1319 3058 et
1354 3004 1556 3059 evoluti
1593 3004 1761 3057 boni&
1797 3005 1806 3071 Ι
1840 3007 1922 3056 11.
1961 3003 2382 3072 siqnificabatur
2422 3005 2503 3058 ‘es
2541 3004 2731 3059 wurde

378 3070 589 3124 darauf
627 3088 801 3140 anges
841 3071 987 3141 ielt'‚
1035 3091 1075 3128 s.
1116 3090 1185 3125 zu
1227 3079 1282 3141 1,
1314 3078 1406 3142 81,
1438 3078 1485 3126 5.
1600 3080 1684 3128 12.
1731 3090 1845 3128 nox
1889 3080 1940 3128 et
1985 3074 2214 3128 lascivia
2263 3073 2378 3128 ‘die
2415 3074 2506 3129 bis
2542 3075 2604 3128 in
2641 3075 2733 3129 die

377 3140 568 3194 Nacht
605 3157 779 3209 ausge
822 3143 989 3196 ehnte
1024 3142 1164 3197 tolle
1201 3144 1361 3196 Lust'
1403 3143 1495 3197 ein
1534 3075 1596 3197 ὲν
1634 3144 1732 3198 διὰ
1771 3147 1934 3199 δυοῖν
1970 3143 2077 3198 wie
2114 3143 2245 3199 hist.
2276 3151 2338 3214 4,
2371 3151 2438 3199 14
2475 3153 2628 3201 nocte
2664 3164 2731 3201 ac

379 3212 607 3265 laetitia.
659 3213 668 3281 Ι
720 3217 803 3266 13.
842 3214 1060 3267 invidia
1100 3213 1225 3266 ‘das
1263 3212 1614 3282 Gehassige'.
1666 3217 1674 3283 Ι
1724 3216 1962 3269 intendit
1999 3241 2065 3260 =
2103 3217 2281 3271 auxit.
2333 3217 2342 3286 Ι
2394 3221 2476 3270 14.
2514 3219 2733 3271 nullum

377 3281 583 3336 crimen
628 3280 746 3336 scil.
785 3283 1112 3338 Britannici
1156 3291 1274 3338 erat
1322 3283 1472 3338 ‘weil
1508 3284 1643 3338 kein
1679 3285 2037 3339 Verbrechen
2075 3286 2172 3340 des
2210 3285 2566 3340 Britannicus
2605 3303 2730 3340 vor-

380 3351 523 3421 lag',
562 3351 683 3405 also
723 3351 815 3406 ein
849 3352 1249 3422 gerichth'ches
1278 3354 1593 3426 Verfahren
1620 3355 1948 3425 unmoglich
1976 3373 2108 3411 war.
2143 3359 2152 3425 Ι
2187 3363 2268 3412 17.
2297 3357 2540 3410 Locusta
2566 3356 2729 3410 hatte

376 3421 524 3477 auch
563 3423 664 3476 das
703 3422 825 3477 Gift
860 3423 952 3477 fiir
989 3425 1099 3478 den
1132 3423 1399 3479 Claudius
1436 3425 1692 3482 bereitet.
1761 3432 1846 3495 12,
1875 3432 1960 3482 66.
1994 3428 2003 3499 Ι
2038 3433 2121 3482 18.
2159 3445 2290 3482 nam
2328 3431 2453 3497 (nur
2486 3426 2579 3480 fiir
2606 3426 2730 3489 Gift

375 3509 495 3547 war
530 3512 598 3547 211
635 3497 857 3566 sorgen)
897 3496 1111 3552 ‘denn’.
1145 3496 1154 3568 Ι
1189 3502 1272 3551 19.
1304 3498 1466 3566 pensi
1501 3504 1581 3552 est
1608 3498 1744 3551 oder
1768 3499 1979 3565 habere,
2016 3500 2208 3553 ducere
2235 3501 2290 3568 (v
2328 3498 2366 3553 1.
2395 3497 2527 3553 hist.
2562 3505 2610 3566 1,
2638 3504 2728 3568 46,

377 3564 511 3649 dial.
537 3568 626 3635 29)
655 3565 716 3618 in
743 3567 1046 3650 negativen
1066 3567 1270 3622 Satzen
1296 3567 1443 3622 nach
1472 3568 1601 3622 dem
1619 3568 1921 3639 Vorgange
1941 3569 2038 3623 des
2061 3569 2276 3624 Sallust
2291 3516 2413 3624 gat.
2436 3575 2487 3639 5,
2508 3576 2730 3653 fineque

375 3654 865 3779 fissffqffl'gffffmm'g
902 3640 1333 3765 &effatis-332
1378 3640 1819 3779 ἵέῗοέΐωωῖᾒῖῗ
1849 3639 2458 3793 ἃῗίῖῗᾞέῗῖῗὲἒῖ
2483 3642 2731 3768 ,Ἑιῗεαξῖί

374 3778 486 3856 sive
515 3785 997 3858 ‘temperamentum
1031 3783 1225 3837 inerat.
1293 3769 1600 3851 Uber-gang
1637 3798 1739 3835 aus
1777 3781 1907 3835 dem
1944 3782 2317 3837 attnbutiven
2354 3782 2730 3837 Satzverhfflt-

373 3864 464 3900 ms
511 3865 571 3900 111
618 3848 782 3902 einen
826 3849 1244 3922 vollstandigen
1281 3851 1412 3905 Satz
1448 3851 1558 3906 wie
1593 3852 1726 3906 hist.
1760 3858 1788 3906 1
1804 3895 1817 3919 ‚
1850 3858 1915 3906 18
1954 3860 2365 3922 contemptorem
2401 3855 2599 3908 talium
2632 3870 2729 3908 seu

373 3934 490 3972 non
524 3920 792 3987 vitantur,
835 3937 923 3974 wo
959 3922 1209 3976 Heraeus
1248 3939 1315 3974 211
1352 3922 1708 3992 vergleichen
1745 3923 1836 3978 ist.
1911 3940 2040 3979 ann.
2071 3930 2102 3977 2
2116 3967 2129 3993 ,
2162 3931 2227 3977 21
2268 3926 2578 3993 inprompto
2613 3925 2729 3978 iam

374 3989 634 4044 Arminio
809 3992 921 4046 sive
965 3993 1126 4047 illum
1170 4009 1352 4047 recens
1395 4001 1674 4062 acceptum
1708 3995 1911 4048 vulnus
1946 3997 2263 4050 tardaverat
2298 3994 2446 4063 folgt
2481 3993 2585 4047 auf
2615 3993 2728 4048 den

376 4059 487 4114 abl.
528 4061 646 4114 abs.
704 4061 796 4115 ein
842 4062 989 4117 Satz.
1042 4065 1051 4133 Ι
1102 4068 1187 4118 23.
1244 4064 1378 4119 dam
1420 4063 1527 4116 mit
1573 4065 1703 4118 dem
1746 4063 2038 4119 Indikativ
2082 4068 2228 4120 trotz
2270 4067 2368 4120 der
2402 4063 2726 4118 indirekten

372 4130 546 4199 Rede,
585 4150 627 4187 s.
667 4150 735 4185 zu
773 4139 823 4200 2,
853 4138 939 4202 81,
970 4140 1018 4188 9.
1063 4133 1071 4205 Ι
1104 4140 1188 4189 26.
1228 4135 1392 4190 iuxta
1426 4134 1487 4187 in
1524 4134 1882 4204 Anastrophe
1917 4136 2065 4190 nach
2103 4136 2288 4191 einem
2324 4136 2580 4204 Genetiv,
2618 4135 2726 4190 wie

375 4208 406 4255 3
420 4245 433 4271 ,
466 4208 493 4256 1
534 4204 700 4258 litora
738 4203 1026 4259 Calabriae
1062 4212 1277 4272 contra,
1327 4210 1393 4258 14
1406 4249 1419 4274 ‚
1450 4212 1481 4260 9
1520 4207 1669 4261 viam
1706 4207 1920 4262 Miseni
1945 4213 2185 4275 propter.
2228 4211 2237 4277 Ι
2278 4211 2432 4263 virus
2467 4207 2592 4262 hier
2628 4207 2727 4262 der

376 4272 736 4344 ‘Gifttrank’,
772 4274 1051 4344 gemischt
1088 4292 1189 4329 aus
1226 4275 1664 4330 verschiedenen
1700 4279 1935 4332 venenis.

551 4345 650 4400 16.
709 4351 756 4402 1.
801 4347 1102 4403 habebatwr
1146 4346 1263 4400 fast
1298 4373 1366 4392 =
1404 4353 1547 4412 erat,
1594 4365 1635 4402 s.
1675 4365 1745 4400 zu
1782 4353 1841 4415 1,
1872 4353 1965 4415 73,
1996 4352 2043 4401 5.
2078 4349 2086 4416 Ι
2118 4348 2260 4402 idem
2308 4351 2520 4404 aetati&
2597 4347 2724 4417 Vgl.

373 4420 423 4482 5,
454 4421 485 4469 9
523 4417 584 4470 id
619 4418 817 4474 aetatis
852 4434 1094 4488 corpora.
1171 4417 1223 4472 S.
1262 4416 1407 4472 Einl.
1446 4423 1477 4483 ξ
1505 4423 1590 4471 27.
1634 4419 1643 4488 Ι
1684 4423 1734 4471 2.
1771 4419 2024 4473 sedentes
2098 4416 2315 4472 Kinder
2350 4420 2469 4472 und
2503 4419 2728 4474 Frauen
