3075 4800
475 196 562 261 80
831 194 1172 251 CORNELII
1208 194 1449 250 TACITI
1482 195 1580 248 AB
1617 193 1937 250 EXOESSU
1972 194 2127 248 DIVI
2161 193 2476 250 AUGUSTI

473 358 863 443 principium
901 357 1179 422 incendii
1214 357 1407 423 huius
1445 360 1678 439 ortum,
1725 378 1853 439 quo
1894 360 1958 420 et
1995 355 2277 421 Senones
2314 359 2570 439 captam
2606 356 2840 423 urbem

475 447 1032 511 inflammaverint.
1124 445 1235 509 alii
1280 466 1356 509 eo
1401 465 1606 527 usque
1652 465 1804 509 cura
1848 445 2173 530 progressi
2220 448 2388 528 sunt,
2438 448 2513 508 ut
2557 445 2844 509 totidem-

477 556 678 603 annos
723 556 1102 617 mensesque
1148 536 1214 597 et
1258 533 1394 596 dies
1440 534 1610 596 inter
1654 536 1926 615 utraque
1972 533 2265 597 incendia
2308 536 2663 597 numerent.

366 623 457 687 42
659 621 956 687 Ceterum
991 621 1167 693 Nero
1212 641 1368 684 usus
1410 624 1510 684 est
1552 622 1800 704 patriae
1843 621 2049 684 ruinis
2095 622 2505 704 extruxitque
2551 621 2839 705 domum,

477 713 549 779 in
594 733 720 794 qua
763 710 936 773 haud
980 709 1244 793 perinde
1289 730 1581 795 gemmae
1626 713 1693 773 et
1737 731 1965 773 aurum
2009 708 2318 773 miraculo
2365 713 2596 794 essent,
2644 710 2840 774 solita

476 800 727 884 pridem
783 801 848 862 et
899 799 1060 862 luxu
1113 797 1402 883 vulgata,
1468 819 1664 879 quam
1717 819 1871 861 arva
1924 801 1991 861 et
2043 801 2275 884 stagna
2328 801 2393 861 et
2446 798 2517 861 in
2568 798 2838 861 modum

479 887 903 952 solitudinum
945 885 1099 951 hine
1146 885 1372 969 silvae,
1427 886 1576 950 inde
1622 889 1844 969 aperta
1889 886 2097 969 spatia
2141 889 2207 950 et
2248 889 2654 969 prospectae,
2703 908 2841 950 ma-

422 1001 451 1042 5
480 976 702 1063 gistris
759 978 824 1038 et
877 974 1426 1038 machinatoribus
1483 971 1719 1037 Severo
1775 977 1842 1037 et
1897 971 2140 1057 Celere,
2204 973 2438 1057 quibus
2502 974 2840 1059 ingenium

480 1067 545 1128 et
598 1063 865 1127 audacia
920 1066 1057 1127 erat
1120 1063 1341 1145 etiam,
1406 1083 1570 1145 quae
1630 1065 1863 1126 natura
1927 1062 2393 1147 denegavisset,
2454 1084 2572 1144 per
2628 1065 2839 1126 artem

477 1155 792 1235 temptare
835 1155 901 1216 et
935 1151 1181 1215 viribus
1218 1151 1529 1235 principis
1566 1149 1872 1214 inludere.
1951 1171 2231 1232 namque
2277 1150 2357 1213 ab
2392 1150 2538 1214 lacu
2574 1147 2838 1215 Averno

473 1240 909 1326 navigabilem
964 1240 1207 1304 fossam
1261 1261 1464 1322 usque
1519 1238 1601 1302 ad
1656 1240 1823 1302 ostia
1868 1237 2170 1302 Tiberina
2225 1239 2637 1322 depressuros
2690 1260 2841 1322 pro-

475 1330 810 1412 miserant,
884 1328 1204 1411 squalenti
1276 1327 1467 1391 litore
1539 1330 1654 1390 aut
1723 1349 1839 1411 per
1901 1330 2154 1390 montes
2218 1327 2535 1390 adversos.
2623 1349 2838 1409 neque

397 1443 451 1483 10
478 1418 649 1481 enim
696 1416 871 1480 aliud
916 1417 1207 1480 umidum
1255 1416 1593 1501 gignendis
1640 1416 1825 1498 aquis
1877 1416 2157 1480 occurrit
2211 1437 2406 1498 quam
2449 1414 2838 1498 Pomptinae

474 1505 766 1589 paludes:
831 1508 1042 1569 cetera
1096 1504 1370 1587 abrupta
1423 1507 1535 1568 aut
1588 1505 1861 1587 arentia,
1925 1524 2000 1568 ac
2054 1504 2111 1567 si
2164 1503 2495 1587 perrumpi
2549 1508 2837 1587 possent,

475 1593 914 1657 intolerandus
968 1592 1154 1656 labor
1204 1613 1324 1657 nec
1374 1593 1542 1656 satis
1577 1613 1821 1657 causae.
1911 1590 2088 1655 Nero
2136 1595 2378 1675 tamen,
2437 1595 2512 1655 ut
2556 1595 2695 1655 erat
2739 1592 2841 1656 in-

476 1682 878 1746 credibilium
924 1681 1196 1764 cupitor,
1247 1681 1521 1745 effodere
1566 1681 1863 1764 proxima
1908 1677 2167 1744 Averno
2213 1681 2367 1765 iuga
2412 1681 2669 1744 conisus
2715 1684 2840 1764 est,

302 1752 369 1809 0
477 1773 866 1854 manentque
911 1769 1186 1854 vestigia
1230 1769 1461 1833 inritae
1507 1770 1661 1852 spei.
2315 1788 2320 1793 ·

364 1857 455 1922 43
655 1856 952 1922 Ceterum
997 1856 1177 1920 urbis
1233 1878 1396 1940 quae
1451 1857 1671 1920 domui
1727 1859 2105 1939 supererant
2155 1876 2317 1939 11011,
2373 1860 2449 1919 ut
2490 1861 2640 1940 post
2685 1856 2841 1922 Gal-

473 1946 599 2010 lica
634 1946 944 2028 incendia,
988 1945 1169 2008 nulla
1205 1945 1616 2010 distinctione
1660 1965 1779 2009 1160
1813 1944 2057 2027 passim
2096 1948 2323 2026 erecta,
2370 1945 2481 2007 sed
2522 1945 2842 2023 dimensis

474 2035 762 2098 vicorum
810 2033 1142 2097 ordinibus
1188 2036 1254 2096 et
1297 2033 1448 2097 latis
1493 2034 1745 2096 viarum
1792 2033 2018 2116 spatiis
2065 2031 2477 2116 cohibitaque
2516 2033 2841 2099 aedificio-

471 2258 690 2327 nimmt,
729 2258 853 2311 dass
890 2258 984 2312 die
1021 2257 1236 2312 Gallier
1272 2258 1447 2312 sehon
1483 2276 1577 2313 am
1602 2258 1758 2327 Tage
1793 2259 1942 2312 nach
1979 2258 2078 2312 der
2111 2257 2378 2312 Schlacht
2416 2274 2490 2312 an
2526 2258 2626 2313 der
2655 2259 2828 2330 Allia,

475 2328 568 2383 die
604 2329 715 2383 den
753 2334 835 2384 18.
872 2328 991 2382 Juli
1029 2329 1163 2383 oder
1197 2328 1302 2382 XV
1336 2328 1462 2384 Kal.
1503 2329 1652 2385 Sext.
1692 2328 1998 2396 stattfand‚
2046 2329 2190 2383 Rom
2233 2328 2296 2382 111
2331 2329 2522 2383 Brand
2569 2330 2835 2400 gesteckt

475 2400 681 2471 haben,
699 2418 814 2456 was
835 2402 971 2456 aber
996 2400 1158 2455 nicht
1182 2400 1461 2455 feststeht.
1496 2402 1503 2471 Ι
1538 2407 1621 2454 12.
1647 2400 1868 2456 totidem
1890 2399 2230 2470 ‘gleichviel'
2254 2400 2306 2455 d.
2327 2401 2384 2454 11.
2412 2400 2473 2454 111
2492 2405 2598 2455 454
2615 2401 2651 2456 J
2652 2401 2831 2456 alu-en

479 2514 712 2569 stockem
745 2522 852 2571 418
886 2517 1075 2585 sabra,
1112 2516 1345 2569 Monate
1380 2515 1498 2568 und
1535 2515 1707 2586 Tage.
1778 2514 1886 2569 Die
1923 2513 2239 2585 Gleichung
2273 2515 2352 2569 ist
2385 2532 2427 2571 a:
2454 2517 2523 2584 -ι-
2545 2488 2618 2613 3⁵}
2638 2518 2707 2585 -ι-
2729 2490 2842 2558 Ξ-

477 2655 546 2675 =
574 2633 698 2697 454,
734 2628 1020 2683 Resultat:
1059 2635 1165 2684 418
1185 2628 1229 2699 Ἰ
1249 2670 1292 2703 0.
1358 2628 1603 2683 Alberne
1640 2628 1911 2698 Spielerei
1948 2628 2101 2683 611166
2137 2628 2303 2683 mfiss’
2350 2645 2419 2683 en
2454 2629 2689 2699 Kopfes!

655 2697 754 2754 42.
813 2705 860 2753 1.
899 2699 1130 2755 domum.
1205 2669 1279 2755 116
1316 2698 1395 2753 ist
1431 2698 1524 2753 die
1561 2700 1754 2754 domus
1790 2717 1989 2767 aurea,
2034 2716 2304 2770 genauer
2360 2700 2683 2755 eschrieben
2721 2719 2838 2757 von

481 2770 695 2825 Sueton
743 2769 914 2841 (Nero
952 2774 1057 2841 31).
1144 2770 1244 2825 Α16
1292 2771 1394 2825 der
1437 2769 1635 2825 Palast
1678 2770 1735 2825 fe
1794 2770 1805 2782 ’
1886 2786 2027 2836 war,
2076 2770 2320 2824 erklarte
2358 2769 2530 2827 Nero:
2578 2788 2633 2827 se
2677 2789 2841 2896 {aasz

473 2842 742 2896 hominem
776 2842 996 2896 tandem
1029 2843 1280 2897 habitare
1315 2842 1563 2923 coepisse.
1613 2842 1621 2913 Ι
1673 2847 1722 2896 2.
1853 2857 1914 2894 61
1948 2842 2101 2895 haud
2138 2842 2372 2910 perinde
2407 2859 2572 2911 quam
2608 2859 2650 2900 s.
2729 2842 2835 2898 inl.

477 2918 508 2978 ς
538 2917 622 2965 93.
672 2915 681 2980 Ι
741 2916 788 2966 5.
827 2913 1108 3009 ingenium
1148 2911 1593 2966 ‘erfindenscher
1629 2911 1829 2980 Geist'‚
1871 2917 1955 2979 12,
1986 2916 2069 2979 66,
2102 2915 2186 2965 10.
2239 2912 2248 2980 Ι
2310 2919 2356 2966 7.
2396 2913 2644 2970 inludere
2683 2912 2832 2967 ‘sein

478 2980 632 3051 Spiel
668 2982 890 3036 treiben
919 3025 932 3051 ‚
969 2981 1076 3036 wie
1111 2982 1241 3038 hist.
1274 2989 1324 3051 2,
1353 2989 1421 3037 94
1462 2984 1771 3052 (pecuniae)
1810 2983 2057 3037 inludere
2098 2981 2485 3063 ‘umspringen
2520 2982 2647 3037 mit’
2688 2984 2741 3038 d.
2776 2985 2834 3039 h.

481 3053 863 3122 ‘vergeuden’.
925 3053 934 3124 Ι
993 3057 1041 3107 8.
1095 3054 1390 3121 deprimere
1434 3054 1643 3120 fossam
1691 3054 1709 3080 ‘
1724 3052 1889 3107 einen
1934 3051 2158 3107 Graben
2204 3052 2431 3107 zlehen’
2483 3054 2628 3108 auch
2679 3054 2839 3109 beim

477 3122 638 3176 Auct.
678 3122 739 3177 B.
771 3122 915 3178 Gall.
956 3128 1006 3192 8,
1035 3129 1084 3192 9,
1117 3128 1173 3192 3;
1210 3130 1298 3192 40,
1327 3129 1375 3178 3.
1451 3123 1577 3193 Vgl.
1621 3129 1713 3189 12,
1753 3128 1820 3177 57
1858 3124 2037 3192 operis
2065 3154 2135 3164 —
2159 3124 2314 3177 haud
2347 3126 2485 3179 satis
2520 3126 2774 3193 depressi.
2822 3126 2831 3199 Ι

479 3198 527 3247 9.
564 3193 839 3262 squalenti
870 3194 1054 3262 ‘wi‘ist,
1083 3193 1262 3247 steril’
1302 3194 1449 3248 nach
1476 3194 1646 3265 Verg.
1678 3192 1877 3263 Georg.
1910 3199 1958 3262 1,
1989 3198 2091 3247 507
2129 3196 2380 3264 squalent
2407 3197 2658 3252 abductis
2693 3213 2838 3252 arva

477 3264 698 3318 colonis.
758 3266 766 3331 Ι
827 3270 910 3318 10.
948 3264 1198 3318 umidum
1240 3265 1530 3335 qiqnendis
1576 3266 1765 3335 aquis,
1809 3263 1917 3334 vgl.
1959 3263 2108 3320 Curt.
2150 3271 2208 3333 8,
2247 3271 2307 3334 9,
2348 3271 2415 3318 12
2454 3266 2531 3320 ad
2566 3268 2841 3322 interiora

481 3377 494 3389 .
527 3378 537 3388 .
570 3377 580 3388 .
620 3336 703 3389 ita
740 3335 952 3389 alendis
987 3335 1242 3405 fruqibus
1278 3336 1455 3403 mitia,
1495 3341 1544 3404 6,
1572 3341 1625 3404 4,
1654 3341 1720 3389 21
1760 3336 2096 3390 uberrimum
2129 3336 2420 3406 qiqnendis
2446 3338 2571 3392 uvis
2596 3338 2787 3394 solum.
2826 3337 2836 3411 Ι

481 3410 563 3460 13.
602 3407 818 3474 cupitor
854 3404 999 3458 auch
1030 3411 1113 3470 12,
1146 3411 1193 3459 7.
1245 3406 1254 3476 Ι
1301 3405 1465 3459 Nach
1496 3405 1705 3460 Sueton
1744 3405 1908 3460 sollte
1938 3405 2030 3460 die
2056 3407 2250 3476 Lange
2290 3407 2388 3461 des
2422 3407 2840 3477 projektierten

477 3475 691 3529 Kanals
738 3481 841 3530 160
887 3474 1109 3530 Μ1111611
1153 3476 1429 3545 betragen
1473 3477 1591 3529 und
1638 3476 1729 3531 die
1775 3475 1963 3530 Breite
2013 3493 2073 3530 so
2123 3476 2275 3548 gross
2321 3478 2468 3547 sein,
2526 3478 2650 3532 dass
2699 3477 2844 3533 zwei

476 3546 854 3601 Ffinfruderer
890 3546 1010 3600 sich
1049 3545 1403 3600 ausweichen
1439 3547 1711 3601 konnten.
1787 3546 1900 3601 Der
1938 3547 2137 3601 Zweck
2172 3547 2256 3602 661
2293 3565 2579 3619 361166611,
2626 3555 2692 3604 ut
2735 3566 2842 3603 na-

477 3618 635 3671 vibus
670 3633 768 3671 nee
802 3624 984 3672 tamen
1020 3619 1166 3672 mari
1200 3619 1390 3672 iretur.
1451 3618 1465 3698 1
1520 3624 1603 3672 14.
1653 3626 1874 3673 manent
1914 3618 1995 3671 ‘es
2032 3617 2221 3674 haben
2260 3618 2380 3673 sich
2419 3620 2701 3688 erhalten,
2739 3620 2842 3674 be-

479 3688 677 3740 stehen
712 3687 880 3740 noch’
922 3703 984 3741 so
1023 3694 1075 3755 2,
1105 3693 1173 3741 60
1210 3706 1265 3742 11.
1297 3704 1364 3755 a.‚
1406 3686 1517 3743 010.
1553 3705 1655 3758 pro
1682 3688 1844 3743 Rosc.
1874 3688 1997 3743 Am.
2037 3694 2067 3755 ξ
2098 3695 2163 3742 27
2202 3691 2430 3761 vestigia
2464 3697 2760 3747 remanent.

656 3772 757 3828 43.
815 3781 861 3829 1.
901 3776 1056 3830 urbis
1092 3792 1231 3844 quae
1267 3778 1457 3831 domui
1491 3784 1814 3846 supererant
1853 3778 2000 3830 ‘was
2043 3793 2155 3830 von
2193 3777 2293 3831 der
2329 3777 2495 3833 Stadt
2540 3780 2681 3833 fiber
2727 3778 2842 3833 den

478 3843 674 3899 Palast
707 3844 912 3899 hinaus
947 3846 1272 3900 vorhanden
1308 3848 1447 3900 war'
1490 3847 1543 3901 d.
1574 3847 1628 3901 h.
1671 3848 1808 3902 ‘was
1837 3879 1904 3889 —
1942 3847 2034 3901 fiir
2071 3847 2182 3901 den
2209 3847 2406 3903 Palast
2438 3848 2600 3903 nicht
2633 3849 2695 3902 111
2722 3849 2843 3904 An·

480 3915 685 3985 spruch
732 3931 1063 3985 genommen
1106 3917 1326 3984 wurde,
1375 3917 1473 3971 der
1509 3917 1707 3971 Palast
1739 3917 1910 3988 =tibrig·
1943 3916 2102 3991 ligss’
2170 3918 2280 3988 vgl.
2320 3918 2435 3974 Liv.
2467 3925 2561 3988 21,
2600 3924 2658 3989 4,
2690 3926 2719 3973 7
2758 3921 2843 3988 id,

479 3986 625 4057 quod
657 3988 907 4057 qerendis
940 3988 1101 4058 rebus
1134 3995 1457 4069 superesset,
1495 3990 1665 4058 quieti
1700 3990 1905 4043 datum.
1980 3961 2228 4042 Ahnlich
2263 3989 2395 4043 hist.
2437 3996 2465 4042 1
2480 4030 2497 4058 ‚
2537 3996 2630 4058 793
2665 3997 2726 4059 4,
2766 3996 2842 4045 60

472 4058 686 4127 proelio
722 4058 1127 4126 superfuerant,
1160 4058 1277 4112 L1v.
1318 4063 1368 4126 8,
1401 4065 1466 4112 11
1479 4101 1495 4126 ,
1525 4065 1558 4112 5
1588 4076 1813 4129 puqnae
1848 4060 2251 4129 superfuerant,
2290 4066 2321 4113 9
2334 4102 2349 4129 ,
2379 4064 2466 4129 38,
2496 4065 2528 4113 3
2565 4062 2846 4129 superfuit
2875 4057 2896 4076 '

480 4129 660 4194 caedi,
710 4133 770 4197 5,
808 4134 903 4194 40,
941 4134 973 4181 2
1011 4144 1127 4183 non
1159 4145 1433 4197 superesse
1470 4130 1663 4196 canitie,
1702 4127 1890 4194 Quint.
1931 4136 2025 4198 10,
2065 4135 2123 4199 3,
2165 4136 2232 4184 26
2271 4131 2364 4185 eui
2400 4148 2473 4185 60.
2514 4132 2690 4185 labori
2724 4147 2844 4186 non

472 4199 606 4267 plus
631 4200 1003 4269 imoqandum
1030 4205 1106 4254 est
1132 4216 1297 4268 quam
1322 4201 1468 4269 quod
1494 4215 1680 4254 somno
1706 4203 1989 4269 supererit,
2018 4200 2173 4254 haud
2199 4202 2381 4256 deerit.
2434 4204 2442 4271 Ι
2494 4206 2543 4254 2.
2582 4202 2846 4256 dimensis

484 4299 548 4309 -
580 4270 866 4324 ordinibus
901 4269 1008 4323 1116
1049 4275 1097 4338 1,
1130 4275 1192 4324 61
1235 4270 1493 4326 dimensis
1521 4271 1714 4340 prinei
1765 4271 1842 4339 is,
1879 4269 2034 4325 Caes.
2073 4269 2136 4325 B.
2167 4268 2231 4326 G.
2273 4278 2331 4339 2,
2364 4278 2460 4339 19,
2491 4276 2523 4325 5
2562 4288 2716 4341 opere
2753 4273 2841 4326 di·

482 4355 678 4404 menso,
712 4340 829 4395 bes.
870 4339 954 4393 als
990 4339 1389 4394 militarischer
1424 4343 1584 4396 term.
1623 4344 1715 4395 tec
1847 4341 2150 4395 verwandt.
2821 4369 2826 4374 ·
