3075 4800
392 213 431 276 8
747 213 1086 269 CORNELII
1122 212 1364 267 TACITI
1398 211 1496 265 AB
1532 211 1854 267 EXOESSU
1889 211 2044 266 DIVI
2079 212 2397 266 AUGUSTI

386 375 551 461 vigii
616 376 1026 459 sequebatur,
1100 374 1375 439 turbatis
1441 375 1739 439 omnibus
1814 379 1879 439 et
1948 373 2119 458 quod
2181 374 2472 457 plerique
2537 374 2748 460 ignari

390 465 584 528 etiam
650 464 939 528 conscios
1003 463 1453 546 impediebant.
1559 464 1768 526 visum
1833 462 2064 526 dehinc
2127 463 2479 546 remigibus
2529 485 2745 530 mum

389 553 460 615 in
523 552 692 616 latus
758 552 1064 616 inclinare
1138 555 1329 633 atque
1399 552 1492 614 ita
1552 573 1780 614 navem
1846 551 2281 635 submergere,
2355 550 2466 614 sed
2537 573 2745 634 neque

390 640 551 723 ipsis
623 644 961 723 promptus
1035 640 1103 702 in
1174 660 1311 701 rem
1384 640 1664 703 subitam
1738 661 2109 722 consensus,
2192 642 2257 701 et
2329 639 2441 702 alii
2523 644 2749 704 contra

308 751 363 794 15
389 730 669 792 nitentes
743 728 969 791 dedere
1041 727 1415 791 facultatem
1486 728 1750 792 lenioris
1823 728 1893 791 in
1964 749 2136 790 mare
2201 727 2422 791 iactus.
2524 749 2745 791 verum

391 814 765 898 Acerronia,
820 815 1229 899 inprudentia
1285 816 1438 878 dum
1485 838 1552 880 se
1596 814 2025 901 Agrippinam
2076 836 2213 879 esse
2268 819 2467 897 utque
2524 817 2747 880 subve-

389 907 638 968 niretur
684 904 875 967 matri
920 904 1228 986 principis
1276 904 1590 987 clamitat,
1646 905 1853 967 contis
1901 907 1967 968 et
2011 905 2205 967 remis
2253 908 2342 987 et,
2400 926 2564 987 quae
2609 905 2744 968 fors

393 992 740 1074 obtulerat,
802 991 1136 1055 navalibus
1201 991 1348 1056 telis
1413 992 1766 1056 conficitur.
1857 989 2221 1077 Agrippina
2284 993 2478 1056 silens
2542 1013 2745 1076 eoque

389 1081 604 1144 minus
671 1080 934 1165 adgnita
997 1077 1228 1165 (unum
1292 1084 1509 1144 tamen
1573 1080 1806 1144 vulnus
1880 1101 2102 1144 umero
2169 1079 2449 1167 excepit)
2513 1081 2744 1165 nand0,

307 1196 364 1235 20
392 1168 618 1232 deinde
675 1189 942 1233 occursu
997 1168 1485 1233 lenunculorum
1532 1168 1881 1232 Lucrinum
1937 1169 2005 1231 in
2054 1169 2264 1233 lacum
2318 1173 2502 1233 vecta
2556 1169 2747 1233 villae

391 1279 542 1321 suae
588 1257 878 1321 infertur.

328 1346 370 1410 6
566 1344 711 1410 Illic
755 1349 1058 1429 reputans
1105 1345 1248 1409 ideo
1297 1366 1363 1409 se
1408 1345 1747 1409 fallacibus
1792 1345 2027 1409 litteris
2074 1346 2342 1409 accitam
2389 1350 2454 1409 et
2499 1346 2744 1410 honore

389 1435 736 1517 praecipuo
792 1433 1109 1518 habitam,
1166 1433 1465 1516 quodque
1519 1434 1676 1497 litus
1732 1434 1913 1497 iuxta
1961 1454 2093 1497 non
2137 1434 2346 1497 ventis
2394 1437 2559 1518 acta,
2611 1457 2749 1499 non

393 1523 565 1587 saxis
612 1523 868 1606 inpulsa
911 1524 1094 1587 navis
1142 1544 1392 1586 summa
1446 1522 1547 1586 sui
1591 1525 1774 1605 parte
1827 1522 2030 1586 veluti
2077 1525 2380 1586 terrestre
2426 1522 2746 1587 machina-

389 1615 680 1675 mentum
728 1612 1137 1694 concidisset,
1188 1611 1531 1675 observans
1579 1611 1774 1674 etiam
1818 1608 2204 1675 Acerroniae
2248 1631 2496 1695 necem,
2552 1612 2747 1675 simul

337 1727 364 1766 5
393 1721 581 1763 suum
627 1700 860 1764 vulnus
907 1701 1240 1783 aspiciens,
1288 1699 1496 1763 solum
1540 1699 1916 1762 insidiarum
1962 1699 2316 1762 remedium
2355 1721 2493 1763 esse
2537 1702 2744 1785 sensit,

393 1788 456 1851 si·
494 1809 626 1852 non
672 1789 1043 1873 intellegere
1097 1789 1427 1873 videretur3
1481 1787 1785 1870 misitque
1840 1787 2145 1850 libertum
2191 1785 2576 1873 Agerinum,
2634 1790 2750 1872 qui

388 1877 720 1940 nuntiaret
783 1877 919 1940 filio
984 1877 1382 1961 benignitate
1447 1876 1638 1940 deum
1704 1880 1769 1940 et
1831 1874 2092 1939 fortuna
2156 1876 2292 1939 eius
2348 1877 2622 1940 evasisse
2681 1897 2747 1942 se

391 1986 652 2048 gravem
708 1986 952 2049 casum3
1017 1986 1222 2048 orare,
1287 1969 1361 2029 ut
1416 1964 1709 2047 quamvis
1763 1964 2048 2047 periculo
2113 1964 2337 2027 matris
2402 1965 2749 2030 exterritus

390 2052 639 2116 visendi
696 2073 912 2116 curam
970 2053 1283 2137 differret3
1340 2053 1464 2117 sibi
1521 2052 1601 2115 ad
1655 2074 1953 2136 praesens
2010 2053 2225 2135 quiete
2282 2074 2459 2135 opus.
2552 2058 2750 2136 atque

309 2169 364 2207 ιο
391 2140 651 2204 interim
699 2142 1038 2205 securitate
1086 2142 1386 2205 simulata
1430 2141 1853 2205 medicamina
1898 2141 2146 2204 vulneri
2189 2145 2254 2204 et
2288 2141 2576 2205 fomenta
2613 2163 2746 2205 cor—

391 2230 536 2313 pori
573 2228 859 2314 adhibet3
893 2233 1350 2294 testamentum
1383 2227 1770 2294 Acerroniae
1806 2230 2047 2313 requiri
2083 2229 2380 2312 bonaque
2418 2230 2747 2316 obsignari

393 2317 590 2403 iubet,
636 2318 704 2381 id
747 2320 1000 2381 tantum
1046 2340 1180 2381 non
1223 2339 1338 2401 per
1385 2317 1877 2382 simulationem.

332 2409 370 2471 7
569 2405 663 2470 At
723 2406 971 2471 Neroni
1032 2407 1296 2471 nuntios
1360 2409 1598 2491 patrati
1666 2408 1969 2472 facinoris
2037 2408 2396 2491 opperienti
2461 2407 2751 2471 adfertur

391 2686 557 2723 wenn
594 2669 687 2723 ein
723 2668 847 2724 Teil
884 2669 1213 2737 einstfirzte‚
1259 2686 1375 2723 was
1411 2669 1535 2723 hier
1572 2668 1845 2722 zun’achst
1881 2667 2267 2739 beabsichtigt
2299 2668 2466 2738 wird‚
2519 2686 2579 2722 so
2626 2687 2748 2722 war

392 2739 538 2793 auch
586 2740 685 2794 das
725 2739 911 2794 Ganze
957 2738 1117 2794 nicht
1150 2740 1310 2793 mehr
1353 2739 1471 2794 heil
1515 2740 1634 2796 und
1678 2739 1804 2793 fest.
1866 2742 1874 2809 Ι
1936 2745 2018 2794 11.
2067 2740 2245 2793 Unter
2284 2741 2474 2810 iqnari
2513 2742 2601 2808 (=
2640 2741 2748 2794 alii

390 2817 583 2866 contra
618 2812 849 2866 nitentes
877 2811 932 2865 Z.
965 2814 1052 2880 14)
1088 2811 1243 2864 kann
1278 2827 1411 2863 man
1439 2810 1645 2864 Diener
1678 2811 1777 2863 der
1803 2810 2117 2880 Agrippina
2153 2810 2269 2863 und
2309 2810 2453 2864 auch
2491 2809 2744 2865 einzelne

392 2898 494 2934 aus
541 2881 640 2935 der
684 2881 1046 2935 Mannschaft
1089 2881 1400 2935 verstehen.
1475 2882 1733 2935 Letztere
1785 2897 1972 2934 waren
2018 2880 2177 2934 nicht
2224 2880 2333 2934 alle
2390 2880 2748 2951 eingeweiht‚

391 2951 523 3006 weil
557 2969 691 3006 man
725 2952 878 3006 ihrer
912 2951 1065 3006 Hilfe
1110 2951 1205 3006 bei
1243 2952 1342 3006 der
1379 2951 1687 3021 Operation
1731 2950 1892 3005 nicht
1928 2970 1995 3005 zu
2031 2951 2307 3005 bedfirfen
2344 2951 2579 3020 glaubte
2628 2953 2746 3005 und

391 3022 522 3077 weil
577 3039 634 3076 es
689 3026 903 3077 ratsam
963 3022 1240 3092 erschien‚
1298 3023 1406 3077 den
1453 3022 1596 3076 Plan
1650 3021 1956 3092 moglichst
2000 3021 2258 3091 wenigen
2310 3021 2677 3077 mitzuteilen.
2734 3022 2741 3094 Ι

396 3099 478 3147 12.
517 3096 694 3148 visum
729 3095 923 3148 dehinc
958 3111 1009 3147 u.
1041 3111 1081 3147 s.
1112 3112 1181 3148 w,
1256 3093 1347 3147 Sic
1385 3093 1616 3148 wollten
1653 3093 1773 3147 sich
1810 3093 1957 3147 nach
1995 3091 2186 3147 einer
2222 3091 2374 3146 Seite
2409 3093 2603 3162 legen,
2648 3111 2744 3147 um

393 3164 538 3218 eben
576 3164 759 3218 dieser
795 3162 946 3218 Seite
984 3164 1086 3217 das
1121 3152 1519 3234 Ubergewicht
1557 3182 1624 3217 zu
1660 3165 1858 3234 geben.
1913 3169 1919 3232 Ι
1983 3168 2065 3219 16.
2106 3166 2237 3218 dum
2272 3163 2333 3216 in
2370 3163 2748 3232 Anastrophe‚

394 3252 437 3289 s.
476 3252 546 3287 zu
586 3241 671 3303 13,
699 3240 785 3302 33,
817 3241 863 3289 1.

573 3305 632 3359 6.
690 3310 738 3357 2.
777 3306 976 3360 honore
1005 3307 1304 3374 praecipuo
1339 3307 1599 3371 habitam,
1637 3305 1790 3359 Caes.
1820 3305 1883 3358 B.
1914 3304 1976 3358 G.
2009 3310 2059 3372 5,
2097 3310 2182 3370 54,
2211 3309 2246 3356 4
2284 3320 2415 3373 quos
2442 3304 2748 3372 praecipuo

392 3393 599 3445 semper
633 3378 832 3430 honore
872 3376 1072 3430 Caesar
1106 3377 1315 3444 habuit,
1351 3376 1531 3430 Varro
1567 3395 1609 3429 r.
1648 3394 1689 3430 r.
1733 3382 1759 3428 1
1778 3421 1790 3444 ‚
1832 3381 1896 3429 17
1911 3420 1924 3444 ,
1964 3381 1996 3429 6
2032 3377 2232 3429 honore
2278 3376 2464 3444 aliquo
2508 3375 2748 3429 habendi

393 3454 537 3502 sunt.
581 3452 590 3514 Ι
638 3447 886 3516 quodque
923 3489 933 3500 .
968 3492 977 3501 .
1012 3490 1020 3499 .
1061 3448 1380 3501 concidisset
1415 3448 1455 3515 (‘
1462 3446 1554 3500 die
1582 3446 1899 3500 Thatsache
1958 3446 2126 3516 dafs’)
2163 3444 2346 3499 bildet
2384 3445 2483 3498 das
2524 3444 2746 3499 direkte

395 3516 608 3586 Objekt
644 3535 712 3571 zu
748 3524 1012 3586 reputans
1047 3517 1153 3571 wie
1189 3535 1244 3572 se
1273 3562 1283 3572 .
1318 3561 1329 3572 .
1363 3560 1373 3572 .
1403 3519 1662 3572 habitam.
1718 3516 1846 3586 Vgl.
1877 3491 2089 3570 Elnnius
2118 3516 2399 3596 Med-285
2438 3514 2594 3570 Mffll.
2633 3533 2750 3569 non

393 3605 739 3644 commemoro
786 3590 930 3657 quod
975 3588 1232 3643 cia-aconis
1276 3606 1496 3644 saevum
1540 3590 1719 3657 sopivi
1761 3590 2019 3656 impetum
2062 3587 2178 3640 und
2227 3586 2337 3641 Cic.
2386 3603 2487 3656 pro
2527 3585 2745 3641 Cluent.

392 3665 425 3725 ξ
458 3664 559 3713 188
590 3666 870 3729 praetereo
907 3660 1051 3728 quod
1077 3677 1195 3713 eam
1220 3660 1328 3715 sibi
1354 3660 1574 3714 domum
1600 3660 1875 3728 sedemque
1893 3659 2087 3729 deleyit
2120 3657 2238 3711 und
2268 3675 2309 3711 s.
2341 3673 2467 3711 ann.
2499 3663 2549 3724 3,
2571 3662 2656 3723 54,
2680 3662 2748 3711 18

394 3747 463 3782 zu
500 3737 559 3785 at
594 3731 805 3784 hercule
841 3746 995 3784 nemo
1031 3732 1196 3797 refert
1239 3732 1383 3800 quod
1417 3731 1595 3784 Italia
1631 3736 1881 3784 eoeternae
1918 3731 2037 3798 opis
2072 3728 2297 3799 indiyet.
2372 3726 2747 3781 Bekanntlich

394 3800 473 3853 ist
537 3801 680 3869 quod
716 3800 908 3869 (franz.
950 3803 1069 3871 que)
1106 3800 1213 3854 mit
1242 3801 1340 3854 der
1368 3799 1491 3854 Zeit
1519 3800 1643 3854 eine
1671 3801 1776 3853 Art
1801 3797 2348 3869 Universalpartikel
2376 3799 2691 3868 geworden.
2735 3798 2743 3869 Ι

396 3876 445 3924 3.
484 3857 638 3924 'Uber
676 3871 785 3924 den
823 3870 1058 3924 Genetiv
1093 3872 1185 3926 sui
1220 3888 1262 3926 s,
1291 3871 1436 3926 Einl.
1467 3877 1498 3936 ξ
1525 3877 1610 3925 42.
1647 3872 1654 3941 Ι
1687 3877 1930 3926 terrestre
1970 3870 2096 3924 ‘auf
2127 3870 2253 3924 dem
2287 3869 2493 3923 Lande.
2529 3871 2536 3940 Ι
2571 3875 2619 3922 4.
2658 3870 2745 3922 ob·

392 3958 618 3996 servans
657 3941 1054 3996 ‘bedenkend'.
1116 3946 1126 4012 1
1185 3948 1234 3995 6.
1281 3943 1583 4023 intellegere
1617 3943 1892 3997 videretur
1934 3944 2029 4009 (sc.
2069 3942 2344 4009 insidias).
2426 3939 2517 3993 Sie
2554 3939 2746 3992 wollte

395 4011 517 4064 sich
564 4011 682 4065 also
732 4011 959 4080 steIIen,
1008 4013 1091 4066 als
1140 4013 1212 4067 ob
1259 4012 1340 4067 sie
1370 4013 1593 4075 ,kemen
1628 4011 1916 4067 Verdacht
1959 4012 2120 4083 hege.
2196 4011 2321 4081 Vgl.
2366 4018 2392 4064 1
2410 4055 2423 4079 ,
2465 4017 2527 4064 11
2561 4017 2749 4078 patres

395 4083 593 4152 quibus
647 4099 794 4137 unus
848 4085 1040 4150 metus,
1095 4085 1146 4138 si
1189 4085 1493 4154 intelleycre
1536 4085 1873 4148 viderentur,
1929 4083 1993 4136 in
2042 4091 2258 4153 questus
2313 4082 2570 4137 lacrimas
2622 4087 2748 4135 vota

394 4153 626 4221 effundi,
663 4159 712 4221 2,
743 4160 810 4206 42
848 4155 941 4209 ille
975 4157 1206 4225 iynarus
1242 4155 1357 4209 doli
1390 4156 1489 4221 vel,
1524 4155 1576 4208 si
1610 4155 1914 4224 intelleyere
1948 4155 2266 4221 crederetur,
2301 4154 2412 4208 vim
2449 4158 2699 4206 metuens,

398 4228 483 4278 10.
520 4225 761 4290 fomenta
799 4227 1014 4293 corpori
1050 4226 1283 4291 adhibet,
1320 4223 1427 4294 vgl.
1469 4223 1618 4279 Ourt.
1650 4231 1698 4293 3,
1731 4230 1779 4293 6,
1813 4229 1880 4277 14
1916 4226 2158 4291 fomenta
2195 4224 2410 4292 corpori
2445 4222 2700 4276 admovit.

401 4299 483 4346 12.
522 4310 636 4348 non
663 4312 768 4364 per
803 4296 1220 4349 simulationem.
1287 4294 1379 4348 Sie
1424 4294 1609 4363 weisS‚
1656 4295 1780 4348 dass
1825 4294 1906 4348 sie
1952 4312 2050 4347 zur
2085 4293 2259 4348 Erbin
2308 4292 2618 4362 eingesetzt
2653 4290 2747 4359 ist,

394 4364 515 4416 und
550 4364 672 4418 ihre
708 4365 1005 4418 Habsucht
1040 4364 1214 4418 treibt
1253 4364 1333 4419 sie
1372 4383 1470 4418 zur
1506 4365 1817 4435 sofortigen
1854 4365 2379 4434 Besitzergreifung.
