3075 4800
382 228 514 292 124
740 229 1081 283 CORNELII
1117 229 1357 284 TACITI
1392 229 1490 283 AB
1524 227 1847 284 EXCESSU
1882 225 2037 282 DIVI
2069 226 2387 282 AUGUSTI

380 411 530 454 sane
576 389 816 473 pietate
854 389 1162 457 Serviliae
1209 388 1307 477 (id
1352 392 1523 457 enim
1567 413 1806 456 nomen
1850 390 2100 476 puellae
2146 387 2323 476 fuit),
2369 410 2533 472 quae
2570 390 2733 454 cari-

378 481 511 542 tate
557 501 711 564 erga
755 482 1104 564 parentem,
1152 479 1347 544 simul
1381 479 1794 564 inprudentia
1830 479 2077 563 aetatis,
2122 499 2257 542 non
2292 482 2511 543 tamen
2555 478 2739 542 aliud

378 567 854 633 consultaverat
916 589 1109 650 quam
1174 568 1252 632 de
1313 568 1759 633 incolumitate
1815 568 2069 650 domus,
2133 570 2200 631 et
2258 589 2342 631 an
2393 565 2738 649 placabilis

298 682 360 737 ιο,
376 654 582 739 Nero,
637 678 720 719 an
767 657 1054 740 cognitio
1111 660 1369 720 senatus
1422 657 1590 721 nihil
1644 660 1831 721 atrox
1885 655 2179 719 adferret.
2271 655 2475 740 igitur
2531 656 2741 721 accita

380 748 479 808 est
531 744 602 807 in
656 747 977 827 senatum,
1040 747 1484 828 steteruntque
1548 745 1785 811 diversi
1847 747 1996 808 ante
2049 743 2336 807 tribunal
2395 743 2739 808 consulum

379 833 641 918 grandis
687 854 842 896 aevo
886 853 1144 917 parens,
1199 837 1425 898 contra
1468 833 1606 898 filia
1661 834 1833 901 intra
1885 833 2304 897 vicensimum
2351 832 2581 897 aetatis
2627 854 2739 897 an-

376 941 562 1004 num,
618 942 825 1004 nuper
877 921 1113 986 marito
1163 919 1380 986 Annio
1434 921 1731 987 Pollione
1786 922 1856 985 in
1910 921 2176 985 exilium
2231 920 2419 1004 pulso
2475 920 2744 986 viduata

380 1008 810 1094 desolataque,
857 1031 931 1072 ac
973 1031 1057 1073 ne
1100 1013 1353 1093 patrem
1399 1010 1659 1093 quidem
1697 1011 1973 1093 intuens,
2019 1010 2201 1074 cuius
2240 1030 2536 1074 onerasse
2572 1009 2739 1093 peri-

300 1121 351 1161 15
380 1096 524 1161 cula
567 1096 920 1161 videbatur.

274 1183 355 1247 31
559 1183 725 1250 'I'um
779 1186 1219 1271 interrogante
1274 1190 1667 1270 accusatore,
1730 1209 1814 1249 an
1882 1185 2094 1249 cultus
2152 1185 2425 1267 dotales,
2488 1206 2573 1247 an
2634 1184 2742 1247 de·-

380 1276 660 1338 tractum
707 1274 939 1338 cervici
993 1274 1235 1338 monile
1290 1296 1524 1338 venum
1582 1274 1888 1356 dedisset,
1944 1294 2074 1354 quo
2118 1273 2456 1354 pecuniam
2505 1271 2744 1334 facien-

382 1360 480 1425 dis
526 1361 795 1446 magicis
842 1361 1038 1427 sacris
1091 1361 1525 1444 contraheret,
1579 1361 1863 1444 primum
1919 1363 2121 1423 strata
2174 1358 2360 1421 humi
2413 1358 2742 1442 longoque

380 1448 538 1513 fletu
584 1453 650 1513 et
696 1449 972 1534 silentio,
1015 1453 1166 1532 post
1211 1449 1441 1513 altaria
1485 1452 1552 1512 et
1597 1470 1773 1513 aram
1820 1446 2153 1530 complexa
2198 1446 2215 1475 ‘
2231 1446 2479 1511 nullos'
2526 1447 2745 1529 inquit

329 1562 354 1602 5
383 1537 643 1620 ‘impios
689 1538 867 1622 deos,
921 1538 1133 1601 nullas
1180 1538 1581 1619 devotiones,
1634 1557 1753 1600 nec
1807 1535 1982 1599 aliud
2028 1534 2395 1599 infelicibus
2439 1534 2744 1618 precibus

382 1625 703 1709 invocavi,
750 1647 943 1708 quam
986 1628 1063 1689 ut
1106 1625 1279 1689 hunc
1325 1626 1645 1708 optimum
1690 1626 1939 1706 patrem
1986 1626 2085 1706 tu,
2133 1621 2389 1707 Caesar,
2442 1644 2588 1706 vos,
2632 1645 2745 1706 pa-

382 1717 533 1797 tres,
581 1715 920 1778 servaretis
962 1713 1366 1778 incolumem.
1452 1714 1546 1777 sic
1592 1733 1878 1796 gemmas
1924 1714 1990 1775 et
2035 1714 2245 1775 vestes
2292 1715 2357 1775 et
2403 1711 2743 1797 dignitatis

383 1802 665 1887 insignia
719 1802 892 1886 dedi,
959 1802 1281 1885 quomodo
1348 1801 1405 1866 si
1458 1801 1837 1884 sanguinem
1902 1803 1967 1864 et
2019 1800 2222 1863 vitam
2275 1800 2744 1884 poposcissent.

384 1889 666 1955 viderint
710 1890 840 1973 isti,
888 1890 1157 1954 antehac
1201 1889 1363 1952 mihi
1408 1889 1638 1975 ignoti,
1688 1909 1815 1972 quo
1861 1888 2122 1952 nomine
2166 1888 2316 1972 sint,
2368 1910 2526 1972 quas
2570 1893 2744 1954 artes

306 2004 359 2042 ιο
387 1982 747 2043 exerceant:
802 1978 984 2042 nulla
1039 1977 1201 2041 mihi
1245 1978 1558 2061 principis
1603 1977 1848 2042 mentio
1901 1977 2031 2041 nisi
2075 1977 2244 2040 inter
2286 1978 2554 2041 numina
2597 1977 2747 2042 fuit.

389 2067 597 2132 nescit
641 2070 861 2131 tamen
902 2067 1303 2131 miserrimus
1347 2070 1531 2150 pater
1577 2069 1669 2150 et,
1715 2067 1771 2130 si
1816 2066 2061 2130 crimen
2106 2069 2230 2150 est,
2277 2065 2415 2131 sola
2457 2065 2749 2150 deliqui?

286 2155 372 2219 32
568 2154 925 2238 Loquentis
971 2155 1180 2219 adhuc
1225 2155 1421 2219 verba
1465 2155 1706 2238 excipit
1754 2153 2036 2219 Soranus
2081 2154 2564 2239 proclamatque
2612 2176 2750 2221 non

391 2243 571 2307 illam
618 2244 685 2306 in
732 2244 1131 2327 provinciam
1179 2265 1395 2308 secum
1439 2243 1813 2328 profectam,
1856 2265 1988 2308 non
2028 2243 2260 2308 Plauto
2308 2265 2424 2326 per
2467 2246 2748 2309 aetatem

386 2332 569 2396 nosci
614 2332 920 2417 potuisse,
964 2353 1098 2396 non
1142 2331 1520 2396 criminibus
1562 2332 1781 2399 mariti
1826 2353 2158 2398 conexam:
2204 2332 2442 2395 nimiae
2486 2334 2747 2400 tantum

386 2421 649 2504 pietatis
697 2442 871 2485 ream
918 2424 1311 2505 separarent,
1367 2426 1561 2505 atque
1606 2422 1744 2505 ipse
1790 2443 2267 2505 quamcumque
2312 2425 2552 2485 sortem
2598 2420 2748 2485 sub-

334 2536 357 2575 5
386 2509 526 2574 iret.
619 2509 815 2573 simul
868 2510 938 2573 in
990 2510 1326 2593 amplexus
1383 2510 1777 2575 occurrentis
1831 2510 2004 2574 filiae
2059 2510 2315 2593 ruebat,
2366 2510 2496 2574 nisi
2550 2509 2746 2573 inter-

386 2597 538 2662 iecti
592 2597 854 2662 lictores
909 2599 1204 2680 utrisque
1260 2598 1681 2662 obstitissent.
1774 2619 1926 2661 mox
1982 2599 2169 2662 datus
2215 2598 2490 2662 testibus
2535 2598 2749 2682 locus3

387 2689 452 2749 et
498 2689 811 2768 quantum
848 2686 1324 2750 misericordiae
1362 2687 1630 2750 saevitia
1668 2687 2092 2750 accusationis
2138 2691 2561 2771 permoverat,
2606 2690 2750 2751 tan-

386 2777 527 2837 tum
565 2775 696 2838 irae
732 2773 801 2838 P.
837 2774 1159 2862 Egnatius
1198 2775 1384 2839 testis
1432 2775 1727 2840 concivit.
1813 2775 2011 2840 cliens
2047 2775 2155 2839 hic
2195 2773 2441 2860 Sorani,
2488 2779 2553 2840 et
2589 2779 2749 2841 tunc

567 2972 614 3022 7.
647 2968 865 3037 puellae
904 2966 1026 3020 ‘der
1049 2966 1272 3038 jungeri
1298 2967 1489 3034 Frau'‚
1528 2984 1569 3021 s.
1600 2984 1669 3019 zu
1699 2971 1784 3035 14,
1812 2972 1898 3035 64,
1931 2971 1977 3021 1.
2030 2969 2039 3035 Ι
2092 2971 2173 3021 11.
2212 2967 2415 3022 diversi
2447 2966 2744 3021 ‘einander

387 3038 749 3162 ffgeni'iber’.
811 3039 819 3107 Ι
881 3042 963 3091 13.
1001 3037 1163 3091 Nach
1201 3042 1293 3106 15,
1330 3042 1393 3091 71
1433 3054 1552 3091 war
1587 3036 1804 3090 Annius
1840 3037 2021 3091 Pollio
2059 3037 2138 3090 im
2173 3037 2408 3108 vorigen
2442 3037 2615 3092 Jahre
2652 3038 2743 3091 als

447 3108 941 3162 itverschworener
977 3108 1075 3162 des
1112 3108 1242 3162 Piso
1279 3109 1558 3163 verbannt
1592 3108 1836 3162 worden.

566 3179 666 3234 31.
717 3185 764 3233 1.
804 3180 983 3234 cultus
1014 3177 1569 3247 ‘Schmucksachen'‚
1608 3179 1754 3233 auch
1787 3184 1870 3246 13,
1902 3184 1985 3232 13.
2039 3180 2048 3248 Ι
2099 3185 2149 3233 3.
2186 3185 2364 3234 strata
2397 3180 2569 3245 humi,
2606 3197 2648 3234 s.
2679 3196 2749 3232 zu

391 3255 485 3318 12,
523 3254 619 3318 47,
659 3254 743 3304 21.
804 3250 813 3320 Ι
873 3250 1134 3346 lonqoque
1169 3252 1300 3317 fletu
1344 3257 1395 3304 et
1439 3250 1682 3316 silentiO,
1725 3248 1855 3304 Abl.
1894 3248 2044 3317 qual.
2105 3250 2114 3321 Ι
2173 3254 2223 3305 4.
2271 3250 2482 3304 altaria
2524 3248 2603 3303 ist
2647 3249 2750 3303 der

388 3320 623 3374 Aufsatz
661 3319 765 3373 auf
798 3319 926 3374 dem
989 3317 1330 3388 Opfertisch’
1371 3322 1546 3390 (ara),
1596 3320 1695 3374 der
1734 3318 2113 3389 ‘Opferherd’,
2159 3320 2269 3390 vgl.
2306 3320 2514 3374 Lucan.
2544 3326 2576 3373 3
2597 3362 2612 3389 ,
2639 3326 2749 3374 404

387 3397 625 3448 structae
667 3391 810 3446 diris
854 3391 1124 3445 altar-ibas
1170 3407 1329 3457 arae,
1376 3388 1565 3454 Quint.
1605 3390 1745 3444 decl.
1788 3394 1881 3459 12,
1922 3396 1989 3445 26
2036 3392 2153 3445 aris
2199 3392 2408 3446 altem-ia
2454 3392 2748 3460 imponere.

390 3464 599 3518 altaria
633 3468 684 3518 et
718 3479 877 3517 aram
913 3460 1043 3531 (vgl.
1073 3460 1215 3516 Plin.
1252 3477 1384 3531 pan.
1413 3467 1441 3514 1
1481 3463 1677 3516 electus
1712 3462 1859 3515 inter
1893 3478 2027 3516 aras
2062 3468 2114 3516 et
2148 3462 2378 3542 altaria)
2413 3492 2486 3502 -—
2527 3460 2749 3531 ‘Opfer-

388 3533 529 3587 herd
573 3532 690 3586 und
728 3530 773 3586 Ο
814 3531 1067 3586 fertisch’
1100 3559 1167 3578 =
1200 3531 1450 3586 ‘Altar’
1492 3564 1563 3572 --
1598 3531 1678 3586 ist
1709 3531 1909 3586 weiter
1951 3531 2141 3586 nichts
2187 3532 2272 3586 als
2318 3548 2444 3586 eme
2490 3531 2751 3586 feierlich

390 3603 761 3658 allitterieren
804 3620 835 3657 e
849 3646 863 3672 ,
906 3602 1266 3658 formelhafte
1301 3602 1637 3657 Verbindun
1714 3602 1813 3656 der
1849 3602 2289 3672 Sakralsprache
2325 3602 2434 3656 wie
2468 3603 2563 3669 fas
2596 3604 2751 3671 Mea,

387 3676 521 3742 fides
553 3675 792 3742 foedera,
828 3675 1029 3743 templa
1067 3691 1134 3728 ae
1167 3680 1307 3729 tecta
1343 3690 1395 3726 u.
1428 3690 1478 3728 a.
1552 3673 1646 3743 Vg
1672 3716 1683 3728 .
1711 3672 1993 3728 Wolfflin:
2030 3661 2185 3728 Uber
2221 3673 2314 3727 die
2352 3672 2752 3729 allitterieren-

391 3744 501 3799 den
535 3744 977 3816 Verbindungen
1016 3744 1068 3799 d.
1105 3743 1206 3800 lat.
1247 3743 1365 3814 Spr.
1404 3762 1458 3813 p.
1490 3750 1573 3798 27.
1634 3747 1643 3813 Ι
1700 3745 1884 3799 nullos
1928 3746 2004 3799 im
2058 3745 2069 3757 ‘
2100 3761 2129 3799 s
2173 3746 2322 3813 deos,
2366 3746 2556 3800 nullas
2590 3746 2750 3800 devo-

389 3816 576 3870 tiones.
650 3814 776 3868 Wir
811 3816 1083 3884 sprechen
1128 3814 1190 3868 in
1233 3814 1333 3868 der
1366 3814 1661 3896 Erregung
1707 3814 1912 3869 ebenso
1960 3831 1993 3869 o
2074 3832 2104 3870 e
2141 3814 2417 3883 Verbum,
2465 3815 2568 3869 das
2612 3832 2751 3872 man

392 3902 492 3939 aus
519 3886 774 3941 invocavi
803 3885 918 3940 ‘ich
943 3886 1091 3940 habe
1121 3885 1339 3940 erfleht'
1372 3885 1756 3955 zeugmatisch
1782 3884 1961 3940 leicht
1987 3902 2047 3939 er
2088 3891 2267 3940 anzen
2293 3903 2388 3940 ma
2430 3929 2441 3941 .
2489 3888 2498 3957 Ι
2548 3892 2599 3941 6.
2636 3886 2751 3942 Mit

392 3955 503 4010 den
537 3955 774 4010 Worten
808 3963 897 4023 tu,
945 3957 1148 4013 Caesar
1180 3956 1324 4011 wird
1361 3956 1442 4011 sie
1480 3956 1602 4011 sich
1649 3972 1722 4010 an
1760 3954 1854 4010 ein
1892 3956 2031 4012 Stan
2071 3956 2196 4011 bild
2234 3957 2331 4011 des
2371 3973 2406 4010 a
2444 3957 2746 4014 wesenden

389 4026 616 4082 Kaisers
662 4028 928 4098 gewandt
969 4027 1174 4081 haben.
1246 4026 1376 4097 Vgl.
1415 4045 1484 4081 zu
1523 4034 1583 4097 6,
1621 4031 1654 4081 8
1692 4035 1875 4095 tuum,
1914 4027 2142 4097 Caesam,
2178 4045 2448 4099 ymerum.
2511 4030 2520 4099 Ι
2580 4033 2630 4083 7.
2666 4029 2750 4084 sie

391 4129 460 4139 —
489 4099 751 4168 quomodo
790 4098 935 4152 auch
973 4096 1154 4152 Germ.
1186 4103 1271 4166 19,
1308 4099 1564 4168 haufiger
1599 4098 1947 4169 umgekehrt.

568 4168 665 4224 32.
724 4175 772 4224 ὃ.
823 4171 1110 4224 mebat—
1137 4169 1252 4222 ‘nisi
1295 4169 1623 4225 obstitissent
1667 4170 1709 4238 (‘
1724 4169 1861 4223 aber
1903 4168 2153 4240 leider'),
2211 4188 2253 4225 s.
2292 4188 2361 4223 zu
2402 4175 2464 4238 4,
2505 4174 2603 4237 71,
2641 4174 2691 4224 2.
2735 4169 2748 4241 k

393 4244 440 4293 7.
480 4245 747 4308 quantum
781 4239 1184 4294 misericordiae
1211 4270 1280 4279 -—-
1302 4247 1657 4308 permoverat,
1696 4258 1738 4293 s.
1778 4258 1846 4292 zu
1884 4245 1945 4309 3,
1983 4246 2079 4308 24,
2111 4247 2158 4295 1.
2214 4243 2227 4321 J
2287 4245 2336 4295 8.
2375 4240 2435 4295 Ρ.
2467 4238 2748 4310 Egnatius

394 4309 551 4363 Celer
587 4326 687 4363 aus
716 4310 953 4378 Berytus
979 4309 1041 4362 in
1066 4308 1383 4364 Phbnikien
1418 4309 1564 4364 wird
1589 4309 1668 4363 im
1693 4310 1742 4364 J.
1774 4316 1841 4364 69
1871 4327 1980 4365 von
2006 4312 2297 4366 Musomus
2324 4310 2507 4366 Rufus
2542 4326 2745 4380 wegen

396 4378 577 4432 dieser
611 4379 848 4434 Perfidie
887 4379 1197 4450 angeklagt
1233 4380 1350 4433 und
1386 4397 1512 4435 vom
1550 4379 1724 4435 Senat
1757 4380 2062 4436 verurteilt.
