3075 4800
1063 234 1282 289 LIBER
1316 234 1460 290 XIV.
1516 235 1668 291 CAP.
1709 240 1935 291 48—51.
2597 238 2685 303 39

322 404 746 486 provocatum
804 397 1163 463 Antistium
1227 397 1641 482 gravissimas
1704 398 1775 463 in
1833 398 2190 482 principem
2255 401 2677 465 contumelias

325 489 595 573 dixisse3
650 507 870 552 earum
915 486 1228 551 ultionem
1274 507 1312 549 a
1354 485 1650 569 patribus
1695 486 2117 571 postulatam,
2160 491 2226 551 et
2268 507 2387 571 pro
2434 489 2679 573 magni-

325 577 548 642 tudine
587 575 805 640 delicti
848 596 1121 658 poenam
1163 574 1364 638 statui
1398 596 1518 659 par
1551 574 1793 639 fuisse..
1845 579 2128 640 ceterum
2166 596 2252 659 se,
2299 576 2410 661 qui
2448 577 2680 641 severi·
2711 603 2766 642 ιο

327 669 528 730 tatem
575 662 1053 728 decernentium
1094 661 1521 745 impediturus
1556 663 1773 749 fuerit,
1817 664 2322 729 moderationem
2367 686 2498 728 non
2533 686 2681 749 pro-

324 753 572 818 hibere:
636 755 992 816 statuerent
1045 753 1120 815 ut
1171 750 1438 836 vellent,
1504 750 1720 816 datam
1784 756 1849 816 et
1905 752 2278 817 absolvendi
2330 749 2713 818 licentiam(

325 841 429 906 his
489 844 682 923 atque
735 840 975 904 talibus
1030 838 1315 904 recitatis
1378 844 1445 904 et
1500 840 1849 906 offensione
1914 840 2283 925 manifesta,
2346 863 2478 906 non
2536 841 2680 907 ideo

324 933 441 994 aut
500 928 793 993 consules
857 932 1186 993 mutavere
1248 927 1627 993 relationem
1690 932 1803 993 aut
1860 926 2142 995 Thrasea
2204 929 2480 995 decessit
2542 951 2680 996 sen-

325 1018 530 1083 tentia
566 1018 859 1099 ceterive,
907 1038 1068 1101 quae
1105 1016 1549 1100 probaverant,
1598 1017 1950 1101 deseruere,
1992 1040 2160 1103 pars,
2204 1040 2285 1083 ne
2320 1018 2678 1103 principem
2708 1043 2766 1084 ιε

324 1106 636 1171 obiecisse
673 1105 949 1170 invidiae
985 1105 1373 1189 viderentur,
1417 1106 1635 1189 plures
1680 1126 1947 1170 numero
1989 1107 2135 1192 tuti,
2180 1106 2463 1172 Thrasea
2499 1111 2681 1172 sueta

324 1195 726 1260 firmitudine
772 1193 972 1258 animi
1018 1197 1082 1258 et
1126 1214 1207 1257 ne
1254 1194 1463 1278 gloria
1505 1193 1934 1260 intercideret.

504 1282 698 1347 Haud
756 1281 995 1367 dispari
1060 1281 1326 1346 crimine
1380 1281 1714 1347 Fabricius
1769 1282 2044 1348 Veiento
2102 1283 2507 1349 conflictatus
2563 1290 2679 1370 est,
2698 1282 2788 1349 50

328 1372 502 1456 quod
554 1372 761 1436 multa
813 1375 879 1436 et
931 1370 1244 1455 probrosa
1297 1371 1366 1434 in
1409 1375 1627 1455 patres
1683 1375 1748 1436 et
1802 1372 2160 1437 sacerdotes
2216 1374 2681 1456 composuisset

322 1461 408 1525 iis
453 1460 657 1544 libris,
703 1460 936 1544 quibus
973 1480 1209 1524 nomen
1245 1459 1687 1525 codicillorum
1727 1459 2001 1525 dederat.
2075 1461 2392 1526 adiciebat
2428 1460 2679 1527 Tullius

324 1547 634 1613 Geminus
681 1552 1014 1614 accusator
1057 1548 1386 1613 venditata
1439 1548 1520 1612 ab
1569 1570 1643 1613 eo
1686 1569 1956 1613 munera
1997 1548 2309 1634 principis
2370 1553 2436 1613 et
2482 1550 2679 1634 adipi·

322 1637 704 1702 soendorum
759 1636 1081 1702 honorum
1138 1636 1258 1701 ius.
1351 1658 1512 1720 quae
1568 1658 1758 1701 causa
1808 1635 2054 1702 Neroni
2108 1637 2238 1702 fuit
2291 1637 2681 1721 suscipiendi
2735 1666 2762 1706 5

321 1725 565 1809 iudicii,
612 1725 1105 1810 convictumque
1141 1725 1567 1790 Veientonem
1608 1724 1799 1789 Italia
1844 1725 2093 1809 depulit
2137 1730 2203 1790 et
2247 1726 2451 1790 libros
2498 1727 2680 1790 exuri

322 1813 540 1896 iussit,
595 1813 995 1898 conquisitos
1047 1813 1525 1899 lectitatosque,
1581 1814 1782 1879 donec
1836 1836 1982 1879 cum
2027 1814 2313 1898 periculo
2367 1815 2679 1900 paraban-

323 1906 456 1967 tur:
502 1925 656 1967 mox
700 1902 963 1967 licentia
1005 1902 1285 1967 habendi
1333 1903 1726 1968 oblivionem
1774 1903 2010 1968 attulit.

501 1990 628 2056 Sed
673 1991 1195 2076 gravescentibus
1241 1992 1310 2055 in
1355 1991 1490 2056 dies
1535 1991 1813 2075 publicis
1858 1991 2047 2058 malis
2102 1993 2388 2057 subsidia
2432 1994 2678 2059 minue-
2696 1994 2782 2060 51

325 2080 587 2163 bantur,
641 2081 1081 2164 concessitque
1134 2081 1271 2144 vita
1316 2080 1591 2164 Burrus,
1644 2081 1961 2145 incertum
2014 2081 2379 2147 valetudine
2434 2104 2517 2146 an
2572 2105 2675 2147 ve-

322 2188 508 2232 neno,
587 2169 885 2234 valetudo
931 2191 1011 2233 ex
1056 2190 1131 2233 eo
1178 2169 1676 2254 coniectabatur,
1723 2170 1897 2254 quod
1941 2169 2010 2233 in
2055 2191 2124 2234 se
2168 2171 2675 2237 tumescentibus

321 2256 636 2340 paulatim
681 2257 973 2322 faucibus
1020 2260 1086 2322 et
1128 2257 1441 2341 impedito
1486 2261 1704 2323 meatu
1751 2258 2052 2343 spiritum
2097 2258 2381 2324 finiebat.
2455 2260 2674 2343 plures

320 2346 501 2411 iussu
553 2345 857 2432 Neronis,
924 2346 1109 2430 quasi
1163 2347 1516 2412 remedium
1571 2346 2009 2432 adhiberetur,
2069 2347 2329 2412 inlitum
2383 2349 2673 2432 palatum
2728 2375 2756 2417 ⁵

500 2508 582 2557 13.
621 2519 737 2558 non
770 2505 892 2558 ideo
932 2504 1117 2557 ‘drum
1151 2503 1355 2571 nicht',
1390 2521 1433 2558 s.
1471 2522 1540 2557 zu
1580 2511 1637 2573 2,
1667 2511 1752 2573 57,
1784 2511 1832 2558 1.
1869 2506 1910 2628 ὲ
1945 2510 2027 2559 16.
2058 2507 2254 2574 plures
2287 2523 2514 2562 ‘numero
2548 2508 2675 2574 tuti,

320 2572 430 2643 vgl.
461 2591 530 2626 zu
559 2574 688 2628 dem
715 2574 1040 2644 Gedanken‚
1079 2575 1180 2629 der
1207 2575 1353 2629 oster
1377 2573 1471 2629 bei
1500 2574 1631 2629 Tac.
1660 2574 1871 2630 wieder
1912 2575 2037 2630 ehrt
2063 2575 2216 2647 (hist.
2246 2581 2296 2645 4,
2327 2582 2423 2645 413
2454 2575 2587 2631 dial.
2618 2581 2673 2647 5)

319 2643 625 2698 besonders
660 2645 791 2700 hist.
830 2651 880 2714 2,
921 2652 988 2700 52
1024 2662 1178 2700 nemo
1207 2647 1475 2715 privatim
1514 2647 1763 2716 expedito
1799 2647 2052 2714 consilio,
2097 2648 2241 2701 inter
2275 2647 2473 2702 multos
2508 2649 2671 2703 socie-

316 2721 432 2769 tate
467 2716 660 2785 culpae
696 2718 881 2771 tutior.
934 2718 942 2787 Ι
994 2723 1148 2771 sueta
1182 2717 1522 2784 firmitudine
1558 2719 1656 2771 ctt.
1721 2716 1835 2771 Das
1871 2716 1995 2771 hier
2033 2718 2514 2787 ausgesprochene
2550 2718 2671 2773 Loh

320 2785 538 2839 stimmt
571 2786 732 2841 nicht
765 2803 910 2857 ganz
947 2786 1182 2841 fiberein
1217 2786 1323 2841 mit
1357 2787 1462 2856 Kp.
1495 2794 1588 2843 12:
1626 2788 1735 2842 sibi
1767 2805 1995 2843 causam
2023 2789 2264 2857 periculi
2296 2789 2450 2856 feeit,
2486 2791 2674 2846 ceteris

321 2857 587 2913 libertatis
621 2859 845 2914 initium
879 2874 995 2912 non
1021 2859 1296 2927 praebuit.

500 2927 598 2983 50.
649 2935 696 2983 1.
734 2929 804 2983 A.
836 2929 1137 2985 Fabricius
1171 2929 1392 2998 Vejento
1426 2945 1545 2983 war
1571 2929 1738 2999 (nach
1766 2929 2023 3012 Juvenal)
2060 2931 2224 2983 unter
2251 2929 2541 2984 Domitian
2577 2931 2671 2986 ein

321 2997 607 3067 gemeiner
635 2998 1015 3054 Schmdchler
1039 3000 1157 3054 und
1174 2999 1421 3055 Delator.
1469 3000 1582 3054 Der
1602 3000 1842 3070 jungere
1868 2999 2086 3055 Plinius
2115 3000 2370 3054 erwahnt
2394 3001 2496 3055 ihn
2522 3001 2670 3056 noch

320 3068 405 3122 als
433 3067 598 3124 einen
626 3069 929 3141 Gi'instling
958 3071 1056 3125 des
1083 3070 1285 3125 Nerva.
1320 3073 1328 3142 Ι
1370 3078 1419 3125 3.
1458 3072 1845 3127 codicillorum.
1901 3071 1979 3124 Er
2004 3071 2163 3126 hatte
2192 3071 2311 3126 also
2342 3075 2505 3125 unter
2540 3072 2670 3126 dem

318 3138 471 3194 Titel
507 3140 661 3195 eines
700 3141 1119 3196 ‘Testamentes
1134 3142 1150 3168 ’
1192 3141 1316 3196 eine
1355 3140 1538 3196 Satire
1585 3158 1768 3212 gegen
1801 3141 2101 3197 vomeMe
2138 3141 2538 3213 Zeitgenossen
2573 3160 2670 3212 ge-

321 3209 630 3266 schrieben.
660 3244 731 3252 —
757 3211 869 3267 Der
906 3211 1146 3267 Genetiv
1180 3211 1243 3265 in
1280 3212 1498 3266 solcher
1532 3212 1906 3282 Verbindung
1939 3211 2046 3267 mit
2079 3229 2276 3268 nomen
2310 3213 2457 3267 noch
2492 3218 2544 3281 4,
2575 3219 2667 3282 593

320 3287 405 3350 15,
436 3287 529 3349 37,
567 3282 699 3337 hist.
739 3288 789 3351 4,
821 3289 905 3350 18,
944 3285 1102 3337 sonst
1137 3282 1489 3353 gewbhnlich
1527 3284 1628 3337 der
1660 3283 2004 3352 Nominativ,
2042 3300 2083 3339 s.
2117 3289 2166 3353 1,
2194 3288 2281 3352 45,
2312 3289 2360 3338 3.
2395 3284 2403 3355 Ι
2452 3284 2671 3340 Tullius

318 3352 586 3408 Geminus
613 3353 830 3407 kommt
858 3353 962 3407 auf
983 3353 1138 3408 einer
1163 3352 1430 3408 Inschrift
1467 3353 1552 3407 als
1578 3353 1796 3408 Konsul
1820 3357 1987 3408 unter
2011 3353 2162 3408 Nero
2198 3371 2311 3409 vor.
2345 3356 2354 3424 Ι
2393 3361 2443 3409 4.
2485 3356 2669 3410 vendi-

315 3429 436 3478 tata
470 3441 700 3478 mwnera
729 3426 825 3479 ott.
854 3424 1140 3493 bedeutet,
1179 3424 1303 3479 dass
1331 3425 1572 3494 Vejento
1600 3441 1708 3479 von
1735 3425 1933 3492 denen,
1972 3424 2064 3479 die
2091 3423 2427 3479 kaiserliche
2456 3425 2671 3481 Stellen

316 3495 433 3548 und
454 3494 1096 3565 Gnadenbezeugungen
1122 3512 1229 3550 nac
1342 3496 1522 3562 sucht,
1556 3494 1675 3548 sich
1693 3495 1998 3549 bestechen
2010 3494 2155 3563 liess,
2184 3513 2281 3549 um
2298 3494 2471 3549 ihnen
2492 3497 2669 3550 durch

314 3563 509 3619 seinen
544 3565 782 3619 Einfluss
821 3566 965 3619 dazu
1002 3584 1071 3620 zu
1106 3566 1274 3620 verhe
1322 3583 1406 3621 en.
1471 3565 1609 3619 Also
1654 3567 1933 3621 venditare
1974 3565 2227 3620 ‘Handel
2271 3565 2492 3620 treiben
2537 3566 2664 3621 mit'

313 3634 422 3689 wie
457 3634 588 3689 hist.
632 3643 659 3689 1
676 3680 689 3704 ,
727 3642 796 3690 66
841 3638 966 3706 ipsa
1010 3638 1269 3692 itinerum
1312 3637 1497 3706 spatia
1543 3643 1592 3692 et
1636 3638 1959 3692 stativorum
1998 3637 2323 3692 mutationes
2357 3638 2671 3693 venditante

314 3705 451 3760 duee
484 3706 661 3773 foedis
687 3708 1042 3776 pactionibus
1076 3709 1336 3762 adversus
1366 3722 1696 3776 possessores
1741 3724 1997 3778 ayt-mm
2042 3713 2092 3761 et
2135 3708 2491 3777 magistratus
2534 3709 2666 3763 civi-

313 3782 492 3831 tatem.
550 3777 711 3831 Auch
746 3776 842 3831 bei
869 3777 979 3834 cic.
1009 3778 1164 3832 Verr.
1195 3785 1226 3831 2
1255 3785 1286 3844 5
1316 3782 1417 3830 135
1446 3778 1715 3847 (decreta).
1827 3783 1875 3832 6.
1913 3777 2127 3834 iudicii.
2184 3778 2298 3831 Der
2322 3778 2524 3833 Kaiser
2550 3795 2670 3833 war

312 3845 532 3917 befugt‚
563 3846 647 3901 als
675 3847 908 3903 Richter
931 3867 999 3902 zu
1027 3847 1338 3919 fungieren.
1385 3848 1488 3902 Bei
1516 3848 1728 3903 seinem
1830 3847 2303 3919 gierungsantritt
2328 3849 2489 3903 hatte
2515 3849 2666 3906 Nero

314 3917 645 3988 verheissen,
682 3918 803 3974 dies
841 3919 1022 3974 selten
1057 3938 1127 3973 zu
1163 3920 1321 3974 thun.
1379 3924 1464 3987 13,
1493 3924 1544 3974 4.
1597 3920 1606 3991 Ι
1654 3905 1831 3974 Italia
1866 3920 2094 4043 defidit,
2132 3938 2173 3973 s.
2213 3937 2282 3973 zu
2317 3919 2423 3990 ΚΡ.
2452 3926 2538 3990 41,
2569 3926 2616 3977 2.
2652 3921 2662 3994 Ι

314 3993 361 4041 7.
409 3989 580 4044 donee
623 4007 748 4044 cum
783 3992 1032 4060 periculo
1069 3992 1423 4060 parabantur
1460 3990 1726 4060 ‘solange
1763 4007 1823 4045 es
1859 4007 1930 4061 ge
1992 3989 2176 4044 hrlich
2210 4006 2331 4045 war
2370 4008 2423 4045 u.
2464 4008 2504 4046 s.
2544 3992 2664 4060 w.';

310 4075 433 4115 cum
460 4061 713 4130 periculo
748 4060 827 4114 ist
861 4060 1141 4132 logisches
1177 4060 1468 4129 Pradikat,
1505 4079 1550 4116 s.
1588 4061 1640 4114 K
1683 4106 1693 4116 .
1731 4066 1821 4130 48,
1852 4068 1933 4116 16.

490 4130 590 4186 51.
649 4138 696 4186 3.
744 4133 810 4186 in
844 4148 898 4186 se
938 4131 1106 4186 ‘nach
1141 4131 1355 4201 innen’,
1403 4132 1594 4186 sodal's
1674 4131 1724 4187 ’e
1759 4131 2059 4187 Lustrohre
2097 4147 2269 4201 enger
2303 4129 2461 4185 wird.
2538 4130 2662 4185 Sen.

310 4216 396 4269 ep.
438 4207 534 4271 95,
570 4208 636 4257 16
675 4204 928 4273 tabesque
961 4204 1026 4257 in
1060 4219 1114 4258 se
1143 4204 1583 4273 putrescentium.
1654 4206 1661 4272 Ι
1729 4210 1779 4258 4.
1817 4209 2025 4258 meatus
2060 4200 2390 4257 bezeichnet
2427 4199 2519 4255 die
2555 4201 2665 4255 Re-

308 4271 602 4342 spiration,
638 4273 746 4328 wie
781 4273 878 4328 bei
915 4272 1149 4339 Quintil.
1190 4279 1239 4341 7,
1279 4278 1364 4341 10,
1401 4279 1469 4328 10
1504 4275 1754 4343 spiritus,
1788 4274 1933 4328 Plin.
1964 4289 2049 4354 ep.
2081 4279 2130 4341 6,
2162 4278 2247 4340 16,
2279 4277 2344 4325 13
2382 4273 2614 4327 animae.
2648 4272 2660 4344 Ι

311 4347 360 4396 5.
398 4343 620 4399 inlitum
650 4346 923 4414 palatum.
995 4344 1116 4398 Auf
1146 4343 1407 4398 ahnliche
1443 4344 1636 4400 Weise
1671 4362 1789 4399 war
1824 4343 2091 4399 Claudius
2127 4342 2419 4413 vergiftetz
2459 4348 2553 4413 12,
2593 4347 2664 4396 67

302 4414 544 4482 pinnam
577 4416 778 4486 rapido
813 4433 1015 4472 veneno
1050 4416 1271 4471 inlitam
1303 4416 1562 4483 faucibus
1596 4417 1714 4472 eius
1747 4415 2019 4471 demisisse
2054 4414 2310 4470 creditur.
