3075 4800
400 200 527 265 108
756 199 1107 255 CORNELII
1143 200 1384 255 TACITI
1420 200 1517 254 AB
1554 199 1876 255 EXCESSU
1912 199 2068 254 DIVI
2103 199 2422 255 AUGUSTI

319 388 370 428 ιε
400 362 517 446 cit,
581 361 744 429 alios
807 361 1009 426 scalas
1068 363 1408 426 moenibus
1462 363 1829 446 admovere,
1891 361 2134 426 multos
2188 363 2528 427 tormentis
2583 363 2758 428 faces

399 454 464 515 et
508 450 728 515 hastas
784 451 1069 515 incutere
1120 450 1315 516 iubet.
1407 450 1813 515 libritoribus
1867 450 2431 535 funditoribusque
2487 452 2761 520 attribu-

396 542 504 603 tus
558 538 769 622 locus,
822 538 991 604 unde
1046 540 1297 604 eminus
1343 538 1609 625 glandes
1655 542 2058 624 torquerent,
2109 560 2192 604 ne
2239 560 2366 623 qua
2409 560 2560 623 pars
2612 541 2761 604 sub·

399 626 636 690 sidium
699 626 1143 691 laborantibus
1207 626 1407 691 ferret
1466 628 1610 712 pari
1672 628 1956 710 undique
2019 631 2214 691 metu.
2315 631 2536 692 tantus
2610 628 2760 693 inde

399 715 592 779 ardor
653 717 959 780 certantis
1023 716 1340 781 exercitus
1404 716 1559 800 fuit,
1620 720 1696 780 ut
1759 717 1930 780 intra
1992 716 2253 784 tertiam
2317 717 2445 780 diei
2507 720 2760 800 partem

316 829 372 869 ao
398 803 625 867 nudati
669 804 1262 890 propugnatoribus
1307 805 1504 889 muri,
1561 804 1776 869 obices
1822 808 2157 888 portarum
2203 804 2522 890 subversi,
2568 809 2759 889 capta

398 913 663 957 escensu
725 893 1126 957 munimenta
1199 913 1549 975 omnesque
1616 893 1890 976 puberes
1964 892 2271 957 trucidati
2343 894 2505 978 sint,
2576 894 2758 958 nullo

395 980 603 1044 milite
659 982 924 1066 amisse,
977 982 1199 1065 paucis
1255 981 1603 1046 admodum
1657 982 2026 1046 vulneratis.
2120 985 2186 1045 et
2240 981 2477 1046 inbelle
2524 981 2758 1068 vulgus

398 1069 518 1133 sub
564 1090 803 1133 corona
847 1070 1302 1154 venundatum,
1347 1070 1598 1155 reliqua
1640 1069 1878 1154 praeda
1922 1069 2277 1134 victoribus
2324 1070 2530 1135 cessit.
2614 1069 2758 1154 pari

397 1157 661 1221 fortuna
696 1158 948 1244 legatus
986 1179 1061 1223 ac
1096 1159 1457 1242 praefectus
1494 1159 1598 1223 usi
1635 1161 1803 1243 sunt,
1848 1158 2185 1242 tribusque
2230 1179 2360 1221 una
2397 1158 2499 1221 die
2536 1158 2761 1223 castel·-

319 1270 372 1311 85
401 1245 484 1310 lis
531 1247 917 1330 expugnatis
964 1250 1175 1311 cetera
1218 1251 1463 1312 terrore
1503 1251 1576 1311 ‘et
1620 1246 1750 1311 alia
1794 1249 2025 1331 sponte
2071 1245 2428 1310 incolarum
2474 1246 2543 1310 in
2588 1246 2761 1311 dedi-

396 1333 643 1398 tionem
706 1334 1065 1399 veniebant.
1156 1337 1326 1400 unde
1400 1339 1543 1400 orta
1606 1335 1843 1399 fiducia
1906 1337 2102 1419 caput
2165 1335 2378 1421 gentis
2442 1333 2762 1399 Artaxata

398 1422 828 1510 adgrediendi.
907 1444 1025 1487 nec
1071 1426 1287 1487 tamen
1332 1425 1633 1509 proximo
1680 1425 1911 1488 itinere
1958 1424 2188 1487 ductae
2233 1423 2548 1507 legiones,
2595 1443 2759 1507 quae

400 1510 456 1573 si
502 1532 757 1574 amnem
804 1509 1089 1594 Araxen,
1146 1513 1259 1594 qui
1304 1514 1560 1576 moenia
1604 1512 1834 1595 adluit,
1888 1515 2088 1595 ponte
2144 1512 2758 1597 transgrederentur,

405 1599 525 1662 sub
572 1599 775 1663 ictum
822 1599 1164 1664 dabantur:
1211 1600 1438 1683 procul
1483 1605 1548 1664 et
1593 1600 1934 1665 latioribus
1979 1600 2162 1664 vadis
2206 1600 2535 1665 transiere.

294 1685 384 1749 40
579 1685 673 1750 At
718 1686 1038 1751 Tiridates
1084 1688 1329 1771 pudore
1376 1693 1442 1753 et
1485 1692 1681 1773 metu,
1726 1708 1808 1752 ne
1854 1689 1911 1753 si
1956 1689 2376 1753 concessisset
2421 1688 2760 1774 obsidioni,

397 1773 567 1838 nihil
613 1775 756 1858 opis
803 1775 871 1839 in
908 1776 1051 1859 ipso
1087 1777 1431 1861 videretur,
1478 1778 1534 1841 si
1570 1775 1964 1861 prohiberet,
2009 1776 2313 1860 inpeditis
2355 1777 2518 1842 locis
2565 1797 2759 1861 seque

400 1866 467 1926 et
511 1867 840 1946 equestres
888 1865 1107 1948 copias
1154 1866 1473 1951 inligaret,
1524 1867 1755 1930 statuit
1798 1869 2127 1949 postremo
2176 1866 2511 1931 ostendere
2555 1867 2757 1930 aciem

403 1954 468 2015 et
532 1952 683 2016 dato
748 1953 850 2016 die
913 1954 1230 2037 proelium
1296 1955 1579 2038 incipere
1645 1954 1750 2018 vel
1813 1953 2225 2018 simulatione
2286 1954 2481 2040 fugae
2544 1954 2760 2018 locum

351 2064 376 2105 5
404 2040 619 2104 fraudi
670 2062 914 2124 parare.
1006 2042 1209 2128 igitur
1262 2046 1525 2126 repente
1580 2064 1814 2128 agmen
1865 2042 2232 2106 Romanum
2287 2042 2762 2126 circumfundit,

401 2150 535 2279 1¹33?
549 2129 1241 2283 θξξὲἶὲηῃῖωιαῖἓίἵ
1243 2132 1493 2283 01..ἓὲ
1506 2131 1969 2304 ”3311205130
1983 2135 2346 2283 e‘sffiffl
2366 2151 2763 2282 ΒΞᾙΡᾙΞ

907 2270 918 2282 ·
1979 2269 1998 2302 7

401 2304 611 2388 debat,
656 2306 885 2369 mediis
931 2307 1430 2371 decumanorum
1476 2308 1768 2391 delectis3
1822 2311 2079 2390 recepta
2124 2307 2296 2371 inter
2341 2307 2594 2371 ordines
2639 2306 2757 2369 im-

403 2392 787 2477 pedimenta,
834 2399 899 2458 et
945 2399 1201 2480 tergum
1246 2395 1427 2459 mille
1473 2398 1721 2480 equites
1768 2396 2143 2480 tuebantur,
2191 2395 2424 2480 quibus
2468 2395 2761 2480 iusserat,

329 2508 380 2548 10
407 2484 481 2544 ut
528 2481 921 2546 instantibus
970 2485 1328 2547 comminus
1373 2486 1772 2569 resisterent,
1826 2484 2088 2568 refugos
2143 2506 2278 2549 non
2330 2487 2762 2567 sequerentur.

404 2657 571 2727 Verg.
593 2657 731 2711 Aen.
755 2663 838 2727 11,
859 2661 965 2712 620
986 2658 1248 2727 princeps
1274 2664 1486 2713 tua-mas
1511 2659 1731 2713 isiducit
1747 2658 1952 2713 Asilas.
1988 2658 1996 2729 Ι
2031 2663 2115 2712 16.
2145 2658 2493 2714 incuterefi'ir
2509 2659 2764 2724 conicere,

407 2728 553 2781 auch
590 2728 723 2783 hist.
764 2735 795 2782 3
810 2772 823 2798 ‚
862 2734 926 2781 31
969 2729 1078 2782 tela
1112 2745 1368 2798 saxaque.
1422 2727 1430 2798 Ι
1482 2729 1752 2784 libritores
1795 2730 1962 2798 (statt
1998 2729 2304 2797 libratores)
2348 2729 2597 2783 schreibt
2632 2727 2762 2781 Tac.

407 2799 553 2853 auch
592 2804 641 2868 2,
672 2805 741 2853 20
776 2799 925 2854 nach
952 2798 1230 2869 Analogie
1268 2816 1377 2853 von
1413 2800 1626 2854 librilia
1657 2798 2206 2853 ‘Schleudersteine’.
2238 2799 2250 2871 Ι
2285 2805 2368 2854 18.
2409 2806 2599 2854 tantus
2634 2799 2764 2852 inde

405 2871 577 2925 ardor
613 2872 711 2925 ott.
776 2870 883 2924 Die
922 2869 1097 2925 Stelle
1135 2869 1383 2925 erinnert
1419 2886 1493 2923 an
1528 2869 1647 2923 Liv.
1687 2875 1782 2938 22,
1824 2875 1884 2936 5,
1923 2875 1955 2924 8
1992 2876 2283 2939 tantusque
2320 2871 2434 2937 fuit
2468 2872 2638 2924 ardor
2673 2887 2762 2924 ar·

403 2958 643 3008 morum,
690 2940 964 2995 ebenfalls
1001 2940 1108 2994 mit
1142 2940 1465 3011 folgendem
1502 2939 1794 3010 conjunct.
1828 2938 2096 3030 perfecti:
2133 2947 2197 2994 ut
2223 2972 2292 2981 -—
2320 2957 2475 2995 nemo
2504 2956 2766 3012 puymm-

410 3013 550 3066 tium
584 3013 824 3066 senserit.
859 3012 867 3083 Ι
902 3017 983 3064 21.
1024 3028 1268 3066 esceusus
1296 3014 1387 3082 (=
1416 3013 1669 3092 escensio)
1705 3010 1784 3063 ist
1819 3029 1917 3064 απ.
1948 3009 2047 3078 sio.
2085 3009 2166 3063 im
2192 3009 2412 3066 Latein.
2447 3023 2454 3075 ι
2489 3017 2573 3066 23.
2612 3012 2767 3066 cessit

412 3082 592 3135 ‘ward
627 3080 997 3149 fiberlassen',
1034 3081 1140 3135 wie
1182 3088 1275 3149 14,
1318 3087 1413 3149 36,
1452 3081 1561 3152 vgl.
1601 3081 1714 3136 L1v.
1757 3086 1853 3150 31,
1890 3087 1985 3146 46,
2028 3086 2093 3135 16
2131 3083 2351 3149 captiva
2385 3098 2618 3150 corpora
2652 3081 2764 3135 Ro-

407 3153 592 3206 manis
628 3168 854 3218 cessere,
900 3151 1009 3205 Cic.
1049 3151 1205 3206 Verr.
1246 3159 1278 3205 2
1317 3159 1347 3219 ξ
1386 3158 1488 3207 170
1533 3157 1601 3205 ut
1634 3153 1796 3207 etiam
1841 3152 1891 3205 is
1928 3157 2181 3220 quaestus
2222 3153 2353 3206 huic
2387 3153 2592 3207 cederet
2628 3169 2680 3205 u.
2722 3169 2763 3206 ε.

411 3227 460 3289 1,
494 3226 541 3289 1,
575 3226 621 3274 6.
701 3227 785 3274 25.
823 3229 997 3276 cetera
1033 3228 1233 3277 terrore
1269 3228 1322 3276 et
1356 3224 1475 3276 alia
1523 3266 1533 3276 .
1577 3266 1587 3276 .
1635 3224 1699 3277 iu
1727 3223 2054 3277 deditionem
2083 3222 2370 3277 veniebant
2397 3248 2465 3267 =
2492 3227 2667 3276 cetera
2701 3223 2766 3275 in

408 3293 462 3346 d.
491 3293 646 3345 venie
759 3296 783 3344 t
808 3293 928 3345 alia
955 3298 1174 3359 terrore,
1212 3294 1329 3346 alia
1365 3310 1405 3348 e.
1436 3310 1477 3348 s.
1512 3296 1520 3362 Ι
1551 3279 1705 3347 Uber
1737 3300 1788 3348 et
1814 3293 1919 3346 alii
1945 3291 2111 3363 (ohne
2138 3293 2317 3360 ceteri)
2347 3308 2388 3344 e.
2419 3308 2487 3343 zu
2518 3296 2601 3359 12,
2630 3296 2715 3345 41.
2751 3290 2761 3363 Ι

408 3369 597 3431 sponte
632 3361 740 3415 mit
776 3361 904 3415 dem
934 3360 1170 3416 Genetiv
1205 3362 1313 3417 wie
1348 3370 1400 3432 4,
1431 3368 1523 3432 513
1560 3370 1642 3432 12,
1670 3369 1758 3434 42,
1794 3381 1838 3418 s.
1869 3368 1918 3432 2,
1944 3367 2033 3430 59,
2063 3368 2111 3417 9.
2145 3365 2154 3432 ι
2187 3366 2271 3415 26.
2309 3349 2462 3416 Uber
2490 3360 2582 3415 die
2610 3360 2764 3431 Lage

407 3451 518 3487 von
553 3432 833 3487 Artaxata
870 3450 911 3488 s.
952 3451 1019 3486 zu
1059 3439 1142 3501 12,
1173 3438 1258 3488 50.

583 3502 685 3559 40.
746 3511 791 3558 1.
829 3507 1112 3560 concedere
1152 3503 1451 3574 ‘weichen,
1501 3505 1602 3558 das
1648 3502 1789 3559 Feld
1834 3509 2092 3572 raumen,
2139 3502 2325 3556 Raum
2370 3502 2575 3573 geben’
2627 3502 2765 3572 (und

408 3575 646 3630 deshalb
682 3575 806 3631 hier
844 3602 912 3622 =
953 3575 1294 3646 ‘geschehen
1328 3575 1589 3645 lassen’),
1625 3574 1736 3645 vgl.
1774 3574 1888 3629 Cic.
1928 3575 2001 3629 ad
2037 3573 2198 3629 fam:
2237 3579 2288 3642 4,
2319 3580 2380 3642 3,
2416 3579 2451 3627 4
2489 3591 2527 3628 a
2561 3591 2644 3629 me
2684 3575 2766 3629 sic

408 3647 690 3718 diliyitur,
728 3654 794 3702 ut
827 3649 932 3702 tibi
966 3648 1072 3700 urii
1107 3649 1421 3714 concedam,
1450 3653 1736 3715 praeterea
1770 3647 2008 3712 memini,
2042 3662 2145 3715 pro
2181 3646 2324 3698 Mur.
2365 3649 2451 3713 27,
2479 3649 2547 3698 57
2585 3645 2768 3716 digni-

409 3719 515 3770 tati
550 3733 737 3772 eorum
772 3719 867 3786 (sc.
907 3735 1021 3773 com
1089 3719 1333 3786 titorum)
1369 3718 1648 3780 concessit,
1685 3733 1808 3771 cum
1835 3724 2018 3785 petere
2053 3717 2277 3783 destitit,
2310 3713 2388 3770 ib.
2421 3721 2506 3784 23,
2535 3721 2604 3769 47
2642 3732 2767 3770 cou-

402 3788 560 3841 cessit
593 3794 813 3842 seuatus
842 3794 1008 3856 postu
1066 3789 1208 3843 tioni
1242 3794 1385 3843 tuae.
1437 3789 1446 3858 Ι
1495 3794 1546 3840 2.
1585 3775 1738 3841 Uber
1772 3804 1929 3856 seque
1964 3793 2017 3841 et
2063 3804 2105 3841 s.
2143 3785 2290 3840 Einl.
2329 3793 2361 3852 ξ
2395 3791 2479 3840 65.
2531 3788 2539 3856 Ι
2588 3792 2639 3840 3.
2678 3787 2765 3839 in-

406 3859 580 3938 liqare
617 3859 760 3911 statt
795 3859 1074 3926 impedire,
1111 3859 1393 3927 implicare
1430 3858 1577 3913 auch
1616 3861 1701 3927 15,
1732 3863 1760 3910 1
1801 3858 1970 3925 bellis,
2006 3857 2138 3912 hist.
2168 3863 2221 3926 3,
2249 3863 2318 3910 46
2357 3863 2578 3911 externo
2613 3856 2768 3922 bean,

406 3927 517 3982 Cic.
549 3927 619 3980 de
648 3929 788 3981 orat.
820 3933 851 3980 2
886 3934 916 3993 ξ
946 3933 1011 3981 61
1050 3930 1133 3983 ita
1169 3936 1301 3983 suut
1338 3931 1590 3999 anqustiis
1619 3936 1675 3983 et
1709 3929 1937 3983 concisis
1973 3928 2444 3997 disputationibus
2478 3927 2717 3996 inliyati.
2753 3924 2764 3997 Ι

405 4003 453 4051 4.
494 3999 624 4052 dato
674 3999 763 4052 die
813 3999 910 4050 ‘an
954 3997 1137 4052 einem
1177 3999 1496 4068 passenden
1531 3999 1709 4070 Tage'
1758 3997 1864 4052 wie
1898 4004 1962 4067 4,
1998 4004 2069 4052 40
2106 3999 2238 4053 dato
2273 4005 2506 4066 tempore
2545 3998 2636 4049 ‘zu
2671 4012 2768 4067 ge-

405 4068 634 4139 legener
670 4066 834 4122 Zeit'.
888 4070 896 4138 Ι
948 4073 995 4121 6.
1034 4071 1160 4122 viae
1187 4072 1406 4138 pariter
1441 4076 1491 4124 et
1518 4087 1745 4140 pugnae
1781 4072 1845 4139 (s.
1880 4069 1986 4138 Kp.
2018 4074 2112 4136 39,
2145 4072 2261 4137 13),
2299 4067 2407 4122 mit
2444 4066 2767 4122 demselben

404 4138 575 4192 Dativ
611 4139 710 4192 des
749 4137 1008 4191 Zweckes
1047 4140 1212 4206 (statt
1247 4141 1342 4209 ad)
1377 4139 1553 4194 heifst
1590 4157 1648 4194 es
1687 4145 1735 4209 1,
1768 4145 1837 4194 51
1876 4140 2195 4208 incessitque
2232 4140 2424 4195 itineri
2459 4145 2509 4193 et
2535 4139 2766 4207 proelio.

407 4209 459 4262 S.
489 4208 635 4261 Einl.
665 4215 696 4274 ξ
724 4214 810 4275 31,
838 4207 893 4260 b.
927 4209 935 4277 Ι
969 4213 1018 4261 8.
1047 4210 1241 4263 mediis
1258 4240 1327 4248 —
1348 4211 1580 4276 delectis,
1608 4228 1706 4264 zur
1732 4208 2183 4278 Abwechselung
2223 4211 2368 4262 statt
2393 4210 2570 4265 medio
2589 4240 2657 4248 —
2676 4209 2768 4262 de-

409 4279 529 4331 lecti
569 4277 649 4330 ‘in
686 4278 787 4330 der
821 4276 988 4331 Mitte
1024 4294 1215 4331 waren
1250 4280 1692 4349 Ausgewahlte’.
1746 4283 1754 4350 Ι
1814 4286 1861 4334 9.
1902 4280 2101 4348 quibus
2136 4281 2373 4334 iusserat
2405 4285 2486 4345 ut,
2524 4295 2566 4332 s.
2605 4296 2673 4331 zu
2709 4284 2764 4346 4,

410 4350 494 4412 72,
524 4352 573 4398 3.
626 4350 635 4413 Ι
688 4352 769 4399 10.
809 4353 872 4400 ut
900 4378 964 4387 -—
994 4364 1109 4401 ‘nori
1145 4350 1289 4401 statt
1322 4356 1387 4404 ut
1413 4380 1482 4390 --
1510 4367 1579 4404 ‘ne
1615 4349 1723 4419 vgl.
1763 4350 1868 4418 ΚΡ.
1909 4355 1974 4402 51
2013 4366 2139 4420 erqo
2172 4350 2350 4403 edixit
2375 4350 2664 4418 princeps,
2699 4355 2767 4403 ut
