3075 4800
398 244 486 307 54
748 238 1098 294 CORNELII
1133 240 1374 295 TACITI
1410 240 1507 294 AB
1545 239 1867 295 EXCESSU
1904 238 2058 292 DIVI
2095 237 2413 293 AUGUSTI

396 425 777 485 amnemque
839 402 1012 467 haud
1076 401 1425 467 difficulter
1480 402 1708 466 evadit.
1809 402 1921 466 ubi
1975 406 2239 466 ventum
2296 402 2376 465 ad
2431 422 2760 489 aggerem,

398 492 553 556 dum
599 491 952 556 missilibus
999 491 1387 575 certabatur,
1441 490 1589 575 plus
1635 490 1973 556 vulnerum
2019 491 2088 555 in
2132 512 2251 555 nos
2298 494 2363 554 et
2407 491 2759 577 pleraeque

403 580 625 645 caedes
672 579 1068 645 oriebantur:
1122 583 1468 664 postquam
1513 579 1685 644 facta
1728 579 2051 644 testudine
2095 579 2285 643 rudes
2332 582 2397 643 et
2443 580 2758 648 informes

328 694 382 734 10
402 690 702 734 saxorum
757 690 1075 755 conpages
1122 669 1461 733 distractae
1508 689 1750 752 parque
1798 668 2156 734 comminus
2204 669 2396 752 acies,
2450 669 2758 734 decedere

397 757 656 821 barbari
705 758 774 822 in
819 757 971 844 iuga
1015 758 1351 821 montium.
1443 756 1555 821 sed
1601 778 1676 820 eo
1725 778 1980 841 quoque
2025 757 2323 839 inrupere
2369 757 2757 825 ferentarius

398 847 738 999 gravt‘isqiss
774 847 978 998 ipiles,
1024 844 1137 997 flixii
1158 844 1778 998 tglssffifflmsstesh
1791 843 2438 998 hiuqonfertloagssdig,
2475 847 2756 913 turbatis

305 1078 310 1081 .
397 956 574 1088 fgarun
552 958 720 1088 ramve
735 955 1078 1109 ntefigibliiizaz
1124 1026 1190 1086 et
1235 1023 1290 1087 si
1337 956 1754 1087 auxlilsibribjus
1790 956 2178 1106 rqsisgelrgult'
2223 956 2758 1108 glaldliigrgcmpfiis

328 1136 380 1177 15
400 1112 929 1199 legionariorum,
985 1111 1041 1176 si
1093 1111 1221 1176 huc
1275 1114 1624 1195 verterent,
1680 1110 1927 1194 spathis
1983 1115 2048 1175 et
2092 1110 2296 1176 hastis
2343 1112 2755 1178 auxiliarium

401 1200 866 1266 sternebantur.
967 1200 1139 1264 clara
1200 1222 1275 1263 ea
1335 1200 1607 1264 victoria
1668 1200 1820 1282 fuit,
1884 1203 2195 1284 captaque
2259 1222 2425 1264 uxor
2487 1205 2553 1265 et
2616 1200 2755 1267 filia

405 1287 693 1353 Carataci
738 1289 1095 1373 fratresque
1142 1288 1211 1352 in
1257 1287 1647 1352 deditionem
1695 1288 1955 1372 accepti.

291 1376 378 1440 36
577 1376 749 1462 Ipse,
804 1382 880 1442 ut
923 1378 1123 1442 ferme
1170 1378 1384 1442 intuta
1428 1380 1580 1441 sunt
1627 1376 1915 1460 adversa,
1970 1398 2115 1441 cum
2160 1376 2355 1439 fidem
2404 1375 2755 1443 Cartiman-

402 1466 563 1530 duae
608 1467 867 1553 reginae
911 1466 1297 1551 Brigantum
1341 1465 1696 1549 petivisset,
1741 1466 1995 1529 vinctus
2043 1486 2116 1529 ac
2160 1465 2514 1529 victoribus
2558 1466 2754 1531 tradi-

402 1559 508 1620 tus
563 1558 688 1639 est,
740 1577 914 1619 nono
964 1557 1116 1638 post
1161 1575 1328 1617 anno
1338 1604 1356 1637 ,
1412 1575 1605 1636 quam
1650 1552 1894 1617 bellum
1941 1554 2010 1618 in
2052 1552 2390 1617 Britannia
2435 1558 2754 1636 coeptum.

399 1643 568 1708 unde
624 1644 798 1707 fama
851 1643 987 1707 eius
1042 1646 1262 1707 evecta
1315 1641 1592 1707 insulam
1646 1645 1712 1706 et
1754 1642 2082 1725 proximas
2128 1642 2490 1725 provincias
2535 1664 2758 1726 perva-

355 1756 383 1798 5
404 1735 556 1817 gata
608 1754 723 1814 per
766 1729 1022 1795 Italiam
1080 1752 1334 1814 quoque
1391 1730 1832 1795 celebrabatur
1878 1731 2277 1814 avebantque
2322 1731 2553 1816 visere,
2608 1732 2755 1815 quis

403 1820 514 1884 ille
569 1822 672 1883 tot
715 1841 831 1904 per
876 1840 1076 1885 annos
1124 1841 1277 1904 opes
1322 1823 1576 1884 nostras
1623 1820 1984 1902 sprevisset.
2075 1841 2156 1883 ne
2202 1819 2446 1884 Romae
2495 1820 2755 1904 quidem

401 1908 688 1994 ignobile
727 1907 1015 1973 Carataci
1055 1930 1292 1973 nomen
1327 1912 1489 1994 erat3
1536 1912 1602 1972 et
1642 1906 1872 1972 Caesar
1907 1908 2060 1971 dum
2098 1930 2287 1972 suum
2323 1908 2514 1974 decus
2552 1909 2759 1974 extol-

399 1997 497 2082 lit,
543 1998 789 2063 addidit
833 1997 1106 2083 gloriam
1148 1998 1336 2061 vict0.
1419 2001 1685 2062 vocatus
1723 1998 1961 2081 quippe
1997 2001 2072 2061 ut
2109 1995 2188 2060 ad
2225 1997 2476 2083 insigne
2514 2001 2759 2081 specta-

404 2087 620 2151 culum
666 2088 970 2171 populus:
1018 2091 1251 2152 stetere
1297 2086 1366 2150 in
1403 2086 1598 2151 armis
1633 2086 1989 2170 praetoriae
2027 2085 2324 2150 cohortes
2362 2107 2605 2169 campo,
2643 2088 2756 2171 qui

332 2200 386 2240 10
406 2180 617 2241 castra
678 2177 1013 2260 praeiacet.
1114 2180 1270 2240 tunc
1328 2175 1772 2240 incedentibus
1825 2173 2022 2259 regiis
2078 2173 2401 2238 clientulis
2455 2174 2754 2258 phalerae

405 2268 668 2348 torques
708 2286 994 2348 quaeque
1021 2264 1209 2328 bellis
1238 2264 1518 2328 externis
1554 2264 1970 2347 quaesiverat,
1996 2261 2308 2346 traducta,
2345 2283 2498 2327 mox
2524 2263 2753 2327 fratres

403 2356 468 2417 et
514 2352 795 2417 coniunx
841 2356 905 2416 et
940 2352 1092 2437 filia,
1137 2356 1465 2435 postremo
1503 2352 1641 2436 ipse
1682 2355 2055 2417 ostentatus.
2140 2355 2498 2417 ceterorum
2534 2372 2751 2436 preces

403 2440 747 2527 degeneres
801 2441 979 2504 fuere
1025 2463 1104 2504 ex
1149 2446 1353 2525 metu3
1409 2444 1476 2504 at
1519 2462 1654 2505 non
1701 2439 2041 2505 Caratacus
2089 2444 2200 2505 aut
2246 2440 2431 2505 vultu
2478 2440 2753 2507 demisso

405 2533 517 2594 aut
571 2528 782 2593 verbis
837 2529 1339 2594 misericordiam
1392 2530 1751 2612 requirens,
1815 2529 1928 2593 ubi
1981 2530 2292 2594 tribunali
2350 2530 2627 2613 adstitit,
2688 2531 2756 2594 in

331 2641 385 2683 15
402 2616 575 2683 hunc
620 2617 883 2683 modum
929 2618 1183 2682 locutus
1229 2621 1343 2681 est.

400 2850 546 2903 m'hil
569 2849 685 2904 ‘nisi
711 2855 874 2903 atrox
904 2879 965 2887 —-
997 2854 1128 2902 erat.
1185 2847 1311 2917 Vgl.
1343 2865 1411 2901 zu
1441 2852 1490 2915 3,
1511 2853 1561 2914 9,
1586 2852 1649 2899 11
1680 2847 1824 2900 nihil
1850 2846 2132 2901 oecultum.
2166 2848 2175 2913 Ι
2210 2851 2258 2901 7.
2290 2863 2503 2900 amnem
2530 2848 2753 2901 evadere

399 2920 550 2973 nach
586 2919 745 2975 Ovid.
782 2922 916 2973 met.
947 2925 997 2986 3,
1029 2924 1095 2972 19
1150 2920 1365 2989 iamque
1409 2920 1558 2973 vada
1607 2918 1824 2987 Cephisi
1859 2948 1929 2957 —
1965 2923 2223 2971 evaserat.
2292 2920 2301 2985 Ι
2368 2918 2569 2971 ubi—
2607 2918 2758 2973 dmm

402 2977 557 3044 Uber
594 2990 789 3044 diesen
824 2962 1217 3044 Perio’denbau
1254 3007 1296 3044 s.
1335 2988 1479 3043 Einl.
1519 2995 1550 3054 5
1582 2936 1716 3042 11810
1775 2988 1848 3042 So
1885 2987 2033 3057 folgt
2067 2987 2163 3042 bei
2200 2987 2311 3042 Cic.
2346 2988 2415 3041 de
2455 2986 2547 3041 off.
2579 2993 2630 3056 2,
2653 2994 2700 3056 1,
2723 2994 2757 3041 4

405 3060 510 3113 auf
539 3078 662 3114 cum
700 3060 790 3114 ein
826 3060 1051 3114 zweiter
1086 3059 1406 3113 Nebensatz
1442 3060 1552 3113 mit
1580 3066 1773 3127 postea
1808 3076 1986 3128 quam.
2057 3063 2065 3126 Ι
2137 3063 2219 3113 10.
2260 3060 2504 3114 decedere
2553 3060 2756 3128 ‘zogen

405 3130 497 3197 ab,
537 3130 894 3197 entwichen’,
934 3148 975 3184 s.
1005 3147 1073 3183 zu
1102 3136 1153 3197 2,
1182 3136 1268 3199 69,
1299 3136 1346 3185 8
1400 3131 1408 3201 1
1469 3135 1552 3183 11.
1592 3129 1697 3183 Die
1731 3131 2020 3196 ferentarii
2055 3128 2183 3183 sind
2219 3128 2428 3184 leichte
2465 3128 2757 3200 Truppen;

405 3174 515 3270 vgl.
574 3200 708 3254 Sall.
766 3200 884 3255 Cat.
935 3205 1020 3269 60,
1050 3206 1099 3254 2.
1180 3201 1328 3254 wnde
1382 3218 1419 3253 a
1471 3201 1788 3267 fereutcm‘is
1834 3201 2107 3268 proelium
2169 3201 2433 3256 committi
2487 3207 2680 3269 posset.

407 3277 492 3325 12.
529 3272 769 3339 conferto
812 3273 994 3342 qradu
1051 3268 1132 3322 ‘in
1177 3270 1600 3339 geschlossener
1634 3270 1915 3338 Kolonne,
1973 3269 2235 3325 Schulter
2289 3288 2363 3325 an
2399 3271 2699 3326 Schulter’.

408 3347 491 3395 15.
527 3341 634 3395 Die
669 3343 895 3411 spatha,
930 3358 1042 3395 von
1079 3344 1339 3411 spateren
1377 3341 1820 3396 Schriftstellern
1866 3340 2014 3396 &fter
2059 3342 2339 3411 erwahnt,
2377 3341 2597 3396 kommt
2630 3341 2757 3397 hier

407 3414 773 3539 zuerStssgortl.
810 3497 955 3538 nouo
984 3490 1111 3553 poet
1146 3500 1311 3538 auno.
1367 3482 1454 3536 Da
1491 3483 1592 3536 der
1627 3483 1801 3553 Krieg
1835 3483 1915 3537 im
1950 3483 1999 3537 J.
2029 3489 2099 3537 43
2136 3483 2248 3552 beg
2251 3500 2379 3554 ann,
2419 3500 2480 3538 so
2519 3482 2597 3538 ist
2632 3483 2758 3538 hier

406 3554 510 3609 das
536 3555 678 3612 Jahr
704 3560 769 3609 51
808 3573 862 3611 11.
893 3554 1018 3609 Chr.
1055 3553 1320 3625 gemeint.
1376 3554 1460 3607 Im
1494 3554 1801 3624 folgenden
1838 3553 2109 3608 schildert
2133 3527 2381 3623 Tacitus,
2411 3554 2512 3609 der
2539 3554 2756 3624 eigent-

404 3625 524 3680 lich
575 3626 656 3681 im
699 3627 747 3681 J.
780 3631 848 3681 50
903 3626 1079 3694 steht,
1137 3626 1230 3680 die
1274 3624 1597 3695 Ereignisse
1641 3625 1702 3679 in
1739 3624 2072 3679 Britannien
2114 3626 2263 3679 noch
2308 3624 2397 3679 bis
2445 3643 2572 3679 211111
2607 3626 2656 3680 J.
2686 3631 2754 3680 58

406 3696 533 3780 (ΚΡ.
563 3701 655 3767 40)
690 3698 807 3752 und
842 3698 1011 3753 kehrt
1045 3696 1153 3751 mit
1186 3697 1291 3767 ΚΡ.
1322 3702 1387 3749 41
1429 3713 1557 3749 211111
1591 3696 1763 3750 Jahre
1801 3702 1867 3750 51
1908 3696 2133 3751 zurfick.
2240 3702 2287 3751 5.
2361 3699 2453 3751 uis
2486 3697 2578 3751 ille
2616 3698 2758 3751 statt

406 3769 531 3837 quis
565 3770 660 3824 ille
694 3776 827 3825 esset
862 3771 983 3839 qui,
1020 3716 1410 3823 formelhafter
1448 3766 1681 3822 Orakel-
1718 3767 1855 3822 oder
1891 3766 2173 3822 Gebetss
2212 3785 2377 3838 ,vg.
2420 3774 2504 3835 11,
2535 3773 2564 3821 7
2605 3784 2758 3838 quem

404 3839 567 3893 illwm
600 3846 761 3896 tamta
793 3841 1050 3910 superbia
1082 3856 1208 3907 esse,
1257 3845 1341 3908 14,
1371 3844 1437 3892 22
1484 3840 1631 3894 bwne
1666 3839 1826 3894 illum
1868 3855 2095 3894 ‘numme
2139 3841 2300 3894 deum
2344 3840 2613 3894 destinari
2648 3855 2757 3893 ere-

407 3910 634 3977 debant,
680 3916 747 3965 55
786 3912 1057 3995 quidquid
1090 3911 1236 3964 illud
1270 3917 1321 3966 et
1356 3911 1727 3980 qualecumque
1762 3910 2052 3965 tribuisset
2121 3909 2194 3964 So
2232 3910 2405 3964 sehon
2442 3909 2554 3965 Cic.
2595 3909 2754 3964 acad.

407 3986 459 4049 2,
480 3987 566 4049 22,
588 3952 656 4035 69
708 3983 832 4052 quie
866 3982 965 4035 iste
1000 3982 1116 4036 dies
1154 3982 1430 4050 illuxerit,
1476 3998 1695 4051 quaero,
1731 3980 2142 4036 Ρ1111.11.11.12
2182 3987 2211 4047 5
2241 3987 2308 4034 29
2356 3983 2480 4051 quis
2513 3982 2606 4036 ille
2637 3981 2756 4050 Ρη“-

405 4052 1011 4178 ffioeassm'izlss‘
1022 4051 1336 4194 iam:
1343 4057 1551 4178 ’1ἒὲιό
1550 4129 1580 4188 ἓ
1618 4054 1755 4193 [1539.
1787 4069 1880 4179 ῗῗ)
1886 3999 2392 4192 αΜῗῖῲἷῖὦἛῗῖ
2426 4052 2757 4177 Ῑὲῗὲῗῖἔαέ

404 4194 686 4265 Analogie
731 4211 840 4249 von
877 4195 1128 4250 adiacere
1162 4194 1268 4264 (Ne
1238 4212 1322 4265 e.p
1353 4194 1577 4262 Τ1111.2,
1610 4201 1638 4248 1
1675 4201 1878 4264 yentoe,
1926 4211 2063 4263 quae
2099 4210 2248 4249 mare
2284 4194 2428 4248 illud
2463 4194 2756 4262 adiacent),

405 4268 565 4321 sonst
607 4283 714 4320 nur
756 4265 910 4321 beim
948 4265 1166 4321 alteren
1200 4265 1442 4335 Plinius,
1491 4266 1637 4320 ohne
1675 4264 1803 4333 Obj
1833 4271 1865 4317 3
1904 4271 1934 4331 5
1965 4269 2059 4332 32,
2104 4263 2212 4318 mit
2253 4264 2382 4318 dem
2417 4263 2545 4319 Dat.
2586 4264 2756 4319 Asiae

407 4340 462 4406 (4
500 4343 530 4403 5
559 4339 664 4407 75).
699 4342 707 4406 Ι
743 4343 824 4393 13.
863 4354 978 4392 non
1013 4369 1085 4377 —
1121 4343 1220 4391 aut
1258 4369 1324 4377 —
1362 4344 1465 4391 aut
1500 4338 1645 4390 statt
1679 4352 1850 4404 neque
1879 4367 1946 4375 —
1975 4352 2161 4404 neque,
2197 4353 2294 4389 um
2331 4334 2423 4389 die
2450 4334 2755 4404 Negation,

407 4407 501 4462 die
536 4425 644 4462 nur
679 4427 747 4462 zu
782 4410 1062 4479 requirens
1096 4408 1300 4478 gehbrt
1335 4411 1396 4477 (s
1437 4413 1604 4476 2,4Ο,
1636 4409 1742 4475 15),
1779 4406 1938 4460 mehr
1972 4405 2440 4460 hervorzuheben.
