3075 4800
1032 248 1252 303 LIBER
1286 248 1431 305 XIV.
1489 248 1642 304 CAP.
1680 255 1909 304 41-44.
2565 251 2652 317 35

297 418 526 498 tatem,
583 418 657 478 ut
707 433 897 496 quem
945 411 1227 497 dignitas
1276 432 1392 475 sua
1438 411 1764 496 defendat,
1820 433 1967 477 cum
2020 412 2424 496 praefectura
2477 415 2656 479 urbis

293 523 429 566 non
462 502 754 585 profuit?
820 521 1010 584 quem
1046 522 1350 565 numerus
1389 520 1721 564 servorum
1764 501 2069 586 tuebitur,
2117 522 2263 567 cum
2298 501 2654 566 Pedanium

297 590 661 655 Secundum
727 590 1180 674 quadringenti
1245 610 1376 653 non
1440 588 1890 672 protexerint?
1975 590 2079 653 cui
2141 590 2393 655 familia
2465 612 2652 674 opem
2680 617 2732 658 15

294 678 462 742 ferat
469 730 487 764 ,
544 700 705 762 quae
759 699 841 742 ne
895 678 966 741 in
1009 681 1188 742 metu
1246 676 1503 762 quidem
1550 677 1838 760 pericula
1881 682 2106 743 nostra
2159 679 2483 744 advertit?
2553 701 2653 764 an,

293 771 369 831 ut
435 768 694 852 quidam
759 767 1003 852 fingere
1073 787 1207 831 non
1276 765 1689 850 erubescunt,
1762 765 2030 830 iniurias
2096 788 2242 831 suas
2316 767 2492 832 ultus
2556 772 2656 832 est

293 856 700 940 interfector,
766 856 917 939 quia
981 855 1059 918 de
1116 858 1387 938 paterna
1440 854 1713 938 pecunia
1767 858 2169 942 transegerat
2231 859 2343 919 aut
2408 856 2654 920 avitum

292 944 687 1027 mancipium
753 942 1253 1032 detrahebatur?
1326 944 1820 1026 pronuntiemus
1883 943 2058 1008 ultro
2120 944 2452 1008 dominum
2517 944 2656 1009 iure

295 1054 549 1097 caesum
594 1032 817 1096 videri.
2682 1060 2735 1099 20

472 1120 663 1184 Libet
700 1123 1079 1204 argumenta
1116 1120 1492 1204 conquirere
1537 1120 1608 1183 in
1655 1141 1748 1206 eo,
1796 1120 1969 1204 quod
2014 1120 2512 1203 sapientioribus
2550 1121 2652 1185 de·
2669 1123 2759 1186 44

297 1208 641 1272 liberatum
679 1208 821 1272 est‘?
903 1208 1015 1272 sed
1060 1211 1125 1271 et
1171 1208 1227 1272 si
1269 1229 1440 1273 nunc
1474 1209 1759 1292 primum
1797 1209 2210 1274 statuendum
2255 1210 2653 1294 haberemus,

295 1297 638 1361 creditisne
694 1318 948 1361 servum
1003 1297 1430 1362 interficiendi
1498 1298 1745 1361 domini
1800 1298 2085 1361 animum
2142 1299 2517 1383 sumpsisse,
2581 1303 2655 1363 ut

292 1406 426 1449 non
471 1406 599 1449 vox
634 1385 855 1449 minax
892 1384 1228 1469 excideret,
1272 1385 1439 1450 nihil
1484 1408 1601 1470 per
1641 1386 2071 1451 temeritatem
2117 1387 2655 1471 proloqueretur?

295 1494 447 1537 sane
484 1473 826 1538 consilium
865 1474 1229 1559 occultavit,
1275 1475 1478 1538 telum
1525 1475 1695 1539 inter
1730 1475 1991 1560 ignaros
2025 1476 2306 1558 paravit:
2351 1497 2510 1540 num
2549 1497 2651 1540 ex·
2708 1502 2732 1541 5

295 1562 516 1626 cubias
563 1563 854 1647 transire,
901 1563 1182 1628 cubiculi
1228 1562 1399 1628 fores
1446 1563 1791 1649 recludere,
1835 1564 2054 1627 lumen
2096 1564 2349 1648 inferre,
2395 1564 2652 1629 caedem

289 1655 547 1734 patrare
595 1656 844 1733 poterat
896 1652 1195 1716 omnibus
1249 1652 1482 1717 nesciis
1504 1653 1537 1716 ‘?
1609 1652 1816 1717 multa
1871 1651 2129 1717 sceleris
2183 1652 2421 1717 indicia
2473 1674 2652 1736 prae-

291 1741 584 1804 veniunt:
642 1740 809 1805 servi
856 1740 912 1804 si
956 1741 1263 1825 prodant,
1319 1762 1664 1825 possumus
1715 1740 1956 1826 singuli
2010 1741 2179 1805 inter
2223 1740 2469 1826 plureS,
2525 1741 2652 1806 tuti

292 1829 462 1893 inter
507 1830 734 1893 anxios
742 1880 760 1914 ,
805 1832 1154 1913 postremO,
1201 1830 1257 1894 si
1301 1830 1700 1914 pereundum
1748 1830 1859 1915 sit,
1913 1850 2048 1893 non
2091 1829 2284 1895 inulti
2329 1831 2500 1895 inter
2543 1851 2654 1893 no-

473 2008 556 2057 13.
594 2010 659 2057 ut
693 2002 855 2072 quem
885 2032 953 2043 -—
984 2002 1285 2070 defendat?
1320 2001 1502 2071 Frage
1529 2001 1826 2056 innerhalb
1857 2002 1954 2056 des
1981 2001 2349 2071 FinalsatzeS,
2387 2021 2420 2055 v
2460 2001 2497 2055 1.
2528 2002 2650 2055 Ter.

294 2072 435 2127 Eun.
477 2078 579 2126 572
599 2072 677 2142 fg.
726 2072 861 2142 quid
914 2090 980 2127 ex
1024 2090 1089 2127 ea
1133 2090 1192 2127 re
1241 2074 1459 2127 tandem
1505 2080 1570 2127 ut
1618 2088 1833 2140 caperes
1882 2072 2184 2126 commodi?
2257 2072 2368 2127 Cic.
2458 2088 2488 2126 e
2533 2075 2649 2127 nat.

295 2144 447 2198 deor.
486 2148 518 2196 3
557 2149 587 2209 ξ
627 2147 694 2196 ’14
730 2158 932 2197 sessum
965 2144 1012 2197 it
1042 2149 1290 2211 praetor,
1337 2144 1471 2211 quid
1506 2150 1572 2197 ut
1606 2142 1918 2198 iudicetwr?
1990 2159 2091 2211 pro
2129 2142 2288 2197 Font.
2331 2148 2415 2211 14,
2455 2148 2523 2196 32
2559 2159 2653 2197 vos

295 2221 479 2269 tamen
514 2230 637 2269 cum
678 2213 861 2268 Gallis
909 2214 1163 2284 iuquloere
1198 2212 1445 2268 malitis?
1490 2214 1626 2282 quid
1669 2219 1734 2268 ut
1777 2214 1946 2268 secuti
1986 2229 2094 2267 esse
2137 2212 2477 2269 videamini?
2548 2228 2650 2282 pro

296 2284 484 2338 Tullio
524 2290 609 2352 24,
648 2289 716 2337 65
756 2302 920 2354 quam
955 2286 1020 2339 ob
1057 2283 1319 2339 causam?
1365 2285 1499 2353 quid
1532 2290 1597 2339 ut
1627 2282 1988 2352 proficerent?
2062 2284 2136 2337 ad
2172 2284 2291 2338 Att.
2332 2290 2381 2353 7,
2412 2289 2461 2353 7,
2492 2289 2522 2336 7
2561 2284 2649 2339 de·

281 2374 508 2428 puyna,
553 2356 765 2425 inquis,
804 2357 994 2425 potius
1039 2373 1203 2427 quam
1245 2356 1465 2411 servias.
1538 2361 1602 2411 ut
1647 2353 1820 2426 quid?
1891 2354 2013 2410 Liv.
2050 2360 2108 2424 4,
2146 2361 2243 2425 49,
2284 2360 2349 2409 15
2397 2355 2533 2427 quid
2586 2360 2652 2410 ut

291 2447 329 2482 a
363 2429 514 2482 vobis
548 2426 801 2496 sperent?
872 2432 968 2495 40,
1009 2433 1103 2496 13,
1140 2433 1175 2480 4
1219 2434 1284 2481 ut
1318 2428 1515 2496 quibus
1552 2427 1683 2481 aliis
1720 2427 1913 2482 deinde
1948 2429 2123 2482 sacris
2162 2472 2172 2482 .
2205 2472 2216 2482 .
2249 2470 2259 2480 .
2298 2434 2524 2482 mentem
2559 2442 2650 2482 ex-

284 2497 541 2568 piarem?
594 2503 681 2567 44,
712 2503 798 2567 39,
827 2503 859 2551 5
897 2505 961 2552 ut
986 2515 1090 2567 quo
1116 2499 1343 2554 victores
1368 2515 1469 2552 nos
1495 2497 1889 2568 reciperemus?
1924 2516 1977 2552 u.
2000 2514 2049 2553 a.
2107 2497 2161 2551 S.
2190 2498 2464 2568 Draeger:
2502 2497 2647 2552 Hist.

291 2569 477 2639 Synt.²
511 2569 564 2623 H
598 2588 651 2638 p.
684 2575 804 2624 699.
874 2572 883 2638 Ι
950 2586 1072 2623 ωιτη
1101 2601 1168 2609 —-
1197 2586 1312 2624 non
1342 2570 1587 2695 &totuin
1624 2567 1737 2639 vgl.
1776 2568 1900 2624 Ter.
1937 2569 2110 2623 Andr.
2150 2574 2252 2622 617
2292 2586 2454 2639 quom
2490 2570 2646 2623 intel-

292 2642 516 2708 lexeras,
544 2657 642 2694 cwr
669 2657 782 2694 non
810 2639 957 2694 dixti
983 2640 1283 2710 extemplo?
1384 2639 1453 2694 16.
1484 2656 1586 2709 pro
1616 2638 1833 2694 Cluent.
1862 2645 1950 2708 47,
1982 2646 2082 2693 131
2112 2640 2175 2693 id
2201 2641 2382 2708 ipsum
2410 2645 2650 2709 quantae

292 2711 655 2766 divinationis
685 2717 762 2765 est
796 2711 934 2765 scire
958 2711 1295 2766 innocentem
1319 2712 1493 2779 fuisse
1524 2727 1695 2777 rewm,
1732 2727 1855 2764 ωιτη
1881 2709 2089 2765 iudices
2115 2710 2224 2764 sibi
2250 2712 2510 2764 dixerunt
2536 2724 2651 2762 non

292 2780 534 2849 liquere?
572 2780 753 2849 (Mehr
788 2779 1068 2849 Beispiele
1106 2797 1207 2834 aus
1247 2779 1357 2835 Cic.
1395 2780 1492 2834 bei
1526 2779 1733 2834 Mffller
1767 2780 1828 2834 P.
1861 2780 1915 2832 11
1949 2779 2056 2833 vol.
2085 2780 2111 2832 I
2149 2779 2275 2833 adn.
2308 2779 2430 2833 crit.
2459 2778 2647 2848 LVH),

294 2849 484 2916 Quint.
522 2855 607 2918 10,
639 2855 686 2917 7,
719 2855 785 2904 19
823 2857 1053 2904 ceterum
1081 2853 1365 2918 pervenire
1401 2866 1461 2904 eo
1498 2852 1664 2916 debet,
1699 2857 1763 2904 ut
1798 2851 2053 2920 coyitatio
2083 2891 2094 2903 .
2120 2893 2129 2903 .
2156 2894 2165 2903 .
2195 2851 2268 2904 sit
2303 2851 2490 2915 tutior,
2527 2865 2650 2903 cum

291 2922 436 2974 hanc
480 2921 805 2987 facilitatem
847 2936 961 2973 non
1005 2922 1069 2974 in
1109 2937 1280 2988 prosa
1328 2920 1484 2974 modo
1529 2921 1692 2974 multi
1736 2927 1868 2974 sunt
1912 2920 2206 2986 consecuti,
2250 2920 2344 2973 sed
2387 2920 2549 2974 etiam
2585 2921 2649 2972 in

294 2991 539 3046 carmine
574 2990 692 3043 und
720 2992 877 3044 sonst
904 2993 1030 3058 (von
1060 2990 1168 3045 den
1195 2985 1627 3059 Herausgebern
1653 2988 1971 3059 verkannt),
2007 2989 2172 3059 Verg.
2204 2987 2306 3043 ecl.
2337 2995 2387 3057 3,
2418 2994 2485 3042 16
2515 2989 2649 3069 quid

291 3063 504 3117 domini
537 3061 761 3127 facient,
799 3062 1004 3116 audent
1040 3077 1160 3116 cum
1198 3062 1340 3116 talia
1374 3062 1544 3128 fures,
1580 3078 1633 3115 u.
1665 3077 1713 3115 a.
1775 3061 1784 3131 Ι
1842 3060 1906 3113 Ι11
1935 3061 2064 3114 dem
2094 3059 2175 3113 fol
2217 3060 2399 3114 enden
2436 3059 2648 3130 gleich-

293 3131 515 3201 artigen
552 3130 682 3185 Satz
730 3148 852 3185 cum
879 3163 949 3171 —
971 3133 1310 3199 protexerint
1356 3131 1509 3185 steht
1557 3131 1656 3184 der
1690 3130 1857 3199 Konj.
1872 3175 1885 3199 ,
1931 3130 2159 3185 wahren
2245 3130 2306 3185 in
2352 3131 2478 3184 dem
2527 3132 2646 3184 ent-

295 3202 677 3272 sprechenden
703 3200 1050 3257 Relativsatz
1079 3202 1135 3256 Z.
1169 3209 1235 3256 16
1264 3220 1402 3272 quae
1430 3234 1496 3242 -
1528 3203 1762 3257 advertit
1786 3200 1996 3256 wieder
2023 3201 2123 3255 der
2148 3201 2267 3256 Ind.
2296 3217 2646 3272 vorgezogen

291 3274 383 3329 ist.
442 3273 573 3328 Tac.
594 3272 738 3327 liebt
766 3272 908 3327 eben
937 3271 1028 3326 die
1047 3273 1513 3342 Abwechselung,
1542 3272 1649 3326 wie
1678 3288 1739 3326 er
1767 3272 1916 3326 denn
1944 3289 2044 3326 aus
2074 3272 2397 3327 demselben
2416 3271 2645 3326 Grunde

290 3344 382 3399 die
418 3345 598 3415 Frage
640 3344 696 3397 Z.
740 3350 809 3397 14
918 3361 999 3398 em
1027 3375 1093 3384 —
1123 3345 1364 3400 tuebitur
1411 3360 1512 3398 aus
1560 3343 1688 3398 dem
1734 3343 2204 3413 vorangehenden
2248 3343 2536 3398 Finalsatz
2582 3350 2646 3398 ut

292 3433 446 3485 quem
475 3448 541 3456 —-
570 3414 851 3481 defendat.
907 3413 1178 3484 losgelost
1206 3415 1323 3468 und
1350 3413 1412 3468 in
1440 3414 1539 3468 der
1567 3414 2047 3483 entsprechenden
2074 3415 2255 3485 Frage
2284 3417 2376 3469 cui
2404 3447 2469 3454 --
2501 3415 2647 3481 ferat

296 3487 405 3540 den
440 3484 774 3539 Potentialis
814 3487 956 3539 statt
992 3485 1090 3539 des
1129 3488 1465 3540 erwarteten
1498 3484 1800 3538 Futurums
1837 3488 2054 3554 gesetzt
2089 3485 2205 3539 hat.
2275 3486 2284 3556 1
2357 3492 2439 3538 16.
2477 3502 2546 3539 ne
2582 3486 2646 3539 in

291 3562 434 3611 metu
471 3557 686 3625 quidem
725 3554 906 3610 ‘nicht
934 3555 1158 3625 einmal,
1196 3572 1360 3610 1161111
1388 3572 1446 3609 66
1474 3555 1660 3626 Angst
1684 3555 1808 3609 hat’
1848 3574 1888 3611 6.
1919 3573 1987 3608 zu
2014 3555 2118 3624 ΚΡ.
2151 3562 2237 3622 36,
2268 3562 2315 3610 6.
2384 3554 2646 3609 Gemeint

291 3627 368 3680 ist
414 3625 507 3680 die
543 3626 728 3695 Angst
773 3626 872 3679 der
910 3626 1154 3680 Sklaven
1199 3644 1299 3680 vor
1343 3627 1442 3680 der
1477 3625 1872 3696 Hinrichtung.
1942 3626 1950 3695 Ι
2018 3628 2253 3681 advertit
2292 3626 2587 3679 ‘ahndet’.
2632 3626 2639 3697 Ι

293 3703 376 3752 18.
417 3703 655 3765 paterna
691 3698 931 3765 pecunia
975 3697 1092 3750 und
1149 3697 1229 3750 im
1272 3696 1577 3767 folgenden
1632 3698 1841 3751 avitum
1889 3695 1967 3750 ist
2010 3695 2282 3765 ironisch,
2339 3696 2488 3751 denn
2546 3695 2645 3751 der

291 3767 495 3823 Sklave
530 3766 634 3820 hat
667 3766 763 3820 bei
800 3766 908 3820 den
944 3767 1187 3822 Romern
1233 3767 1367 3823 kein
1417 3766 1642 3837 eigenes
1679 3767 1997 3837 Vermogen
2040 3767 2158 3820 und
2203 3767 2358 3821 kann
2403 3784 2510 3820 nur
2552 3766 2645 3820 fiir

293 3839 402 3892 den
437 3837 618 3891 Η61·1·11
655 3837 952 3892 61116111611.
1023 3840 1031 3908 Ι
1101 3844 1183 3893 19.
1222 3840 1369 3894 ultro
1409 3838 1697 3907 ‘obenein,
1733 3838 1879 3892 noch
1917 3837 2111 3906 dazu';
2160 3855 2221 3892 so
2266 3837 2426 3893 nicht
2461 3838 2643 3892 selten

289 3907 384 3964 bei
411 3908 541 3962 Tac.
573 3909 689 3960 und
719 3907 861 3962 aller
888 3907 1076 3976 Orten,
1116 3927 1160 3963 z.
1183 3909 1244 3963 B.
1274 3910 1440 3980 Verg.
1471 3908 1610 3963 Aen.
1642 3914 1690 3978 2,
1723 3913 1824 3961 145
1862 3909 1948 3963 his
1977 3909 2218 3964 lacrimis
2245 3910 2416 3964 vitam
2449 3911 2644 3965 damus

287 3987 338 4037 et
373 3981 762 4035 miserescimus
796 3980 955 4034 ultro.

466 4048 565 4105 44.
624 4056 670 4103 2.
719 4050 1067 4105 statuendum
1101 4051 1430 4106 haberemus.
1507 4052 1581 4105 So
1619 4053 1751 4121 sagt
1786 4049 2013 4104 Tacitus
2059 4051 2376 4118 dicendum,
2421 4067 2642 4119 respon-

288 4122 552 4189 dendum,
599 4122 997 4189 excusandum,
1044 4122 1388 4177 tolerandum
1425 4123 1636 4177 habere.
1708 4122 1932 4175 Ebenso
1971 4121 2094 4176 Sen.
2133 4121 2220 4175 ira
2258 4127 2316 4190 2,
2357 4126 2415 4188 6,
2454 4126 2485 4172 2
2524 4119 2640 4171 und

288 4192 452 4247 beide
487 4191 722 4246 Plinius.
798 4190 1013 4247 Cicero:
1057 4193 1225 4248 habeo
1260 4194 1461 4261 dicere,
1498 4195 1739 4248 scribere.
1803 4195 1810 4260 Ι
1872 4198 1921 4246 3.
1970 4193 2219 4246 animum
2253 4207 2461 4245 sumere
2499 4188 2640 4241 ‘sich

291 4263 707 4318 entschliessen’
749 4262 895 4316 auch
930 4261 1062 4317 hist.
1103 4269 1160 4332 1,
1191 4269 1257 4317 27
1306 4264 1454 4316 nach
1493 4262 1635 4317 Ovid
1672 4262 1800 4317 fast.
1840 4269 1897 4331 1,
1929 4267 2046 4316 147.
2117 4263 2126 4329 Ι
2196 4266 2243 4315 5.
2282 4276 2412 4314 sane
2453 4259 2640 4327 ‘zuge-

291 4335 510 4404 geben’.
574 4336 581 4404 Ι
641 4336 922 4402 excubias,
968 4332 1252 4388 natfirlich
1290 4334 1435 4388 auch
1473 4351 1574 4387 aus
1612 4333 1857 4389 Sklaven
1891 4330 2220 4385 bestehend.
2280 4332 2290 4399 Ι
2349 4334 2397 4407 9.
2436 4330 2488 4381 si
2515 4345 2640 4395 per-

290 4407 531 4460 eundum
574 4406 671 4473 sit,
718 4403 834 4458 6611.
873 4405 1189 4460 nocentibus
1233 4405 1285 4460 d.
1325 4406 1379 4460 h.
1422 4404 1634 4460 60110111
1679 4403 1771 4457 (116
1820 4404 1929 4457 (1611
1974 4398 2273 4468 Mordplan
2318 4397 2478 4450 nicht
2521 4413 2639 4450 ver·

2143 4486 2213 4538 3*
