3075 4800
429 233 511 297 76
787 233 1129 288 CORNELII
1165 232 1407 288 TACITI
1441 233 1538 287 AB
1576 232 1898 288 EXCESSU
1931 232 2088 287 DIVI
2121 231 2439 286 AUGUSTI

370 420 396 461 ⁵
423 397 694 460 immota
734 417 809 461 ac
828 417 1150 483 ¹prospera
1183 396 1341 480 fore,
1388 417 1582 478 super
1620 416 1695 459 ea
1729 395 2128 477 profectione
2163 393 2324 458 adiit
2361 391 2774 477 Capitolium.

422 484 559 549 illic
603 488 942 549 veneratus
988 485 1169 567 deos,
1222 502 1369 549 cum
1414 480 1651 547 Vestae
1709 504 1965 567 quoque
2015 481 2331 565 templum
2375 480 2628 567 inisset,
2683 505 2781 548 re·

422 577 616 656 pente
660 576 926 637 cunctos
978 593 1095 654 per
1146 576 1323 635 artus
1376 574 1682 655 tremens,
1738 592 1849 635 seu
1902 571 2166 634 numine
2221 574 2608 654 exterrente,
2664 591 2781 636 seu

422 656 782 726 facinorum
834 659 1274 724 recordatione
1328 680 1661 743 nunquam
1725 660 1958 723 timore
2011 679 2276 737 vacuae,
2341 660 2624 723 deseruit
2687 662 2786 724 in-

423 753 708 832 ceptum,
773 751 1034 812 cunctas
1098 747 1222 811 sibi
1286 767 1471 812 curas
1536 768 1753 811 amore
1814 744 2061 830 patriae
2123 746 2397 811 leviores
2456 748 2779 812 dictitans,

318 864 399 919 ,ιο
425 837 661 902 vidisse
698 839 976 900 maestos
1014 835 1252 900 civium
1286 835 1524 919 vultus,
1562 835 1780 899 audire
1813 838 2089 899 secretas
2118 836 2569 924 querimoniae,
2607 836 2783 918 quod

426 929 680 990 tantum
723 924 972 988 itineris
1016 924 1304 988 aditurus
1351 927 1536 1008 esset,
1583 924 1766 988 cuius
1810 945 1892 987 ne
1934 923 2220 987 modicos
2267 924 2526 1007 quidem
2573 945 2784 1009 egres-

425 1033 534 1077 sus
570 1011 937 1095 tolerarent,
974 1012 1142 1075 sueti
1179 1012 1515 1076 adversum
1551 1011 1823 1075 fortuita
1859 1016 2122 1094 aspectu
2147 1011 2459 1095 principis
2486 1012 2781 1076 refoveri.

425 1121 578 1187 ergo
625 1103 701 1164 ut
744 1101 815 1164 in
857 1098 1127 1183 privatis
1170 1099 1751 1164 necessitudinibus
1796 1101 2093 1182 proxima
2134 1100 2411 1186 pignora
2458 1101 2781 1183 praevale·

423 1193 584 1273 rent,
621 1189 715 1253 ita
749 1190 822 1252 in
855 1209 923 1252 re
944 1188 1204 1270 publica
1237 1187 1551 1272 populum
1590 1187 1955 1252 Romanum
1992 1188 2126 1251 vim
2161 1188 2508 1272 plurimam
2544 1188 2781 1254 habere

344 1303 396 1343 15
423 1277 904 1361 parendumque
948 1277 1268 1340 retinenti.
1360 1275 1519 1340 haec
1574 1280 1766 1359 atque
1821 1276 1979 1340 talia
2029 1276 2207 1359 plebi
2250 1277 2535 1345 volentia
2584 1277 2781 1362 fuere,

424 1365 833 1448 voluptatum
881 1364 1179 1448 cupidine
1225 1368 1315 1448 et,
1371 1386 1534 1447 quae
1588 1365 1932 1448 praecipua
1987 1384 2141 1428 cura
2184 1368 2308 1448 est,
2360 1366 2455 1429 rei
2499 1365 2784 1430 frumen·

422 1455 623 1518 tariae
669 1454 1029 1540 angustias,
1084 1453 1140 1517 si
1186 1452 1462 1536 abesset,
1513 1453 1842 1517 metuenti.
1936 1456 2196 1518 senatus
2242 1457 2307 1517 et
2350 1454 2665 1536 primores
2710 1455 2786 1519 in

423 1543 667 1607 incerto
716 1545 914 1625 erant,
958 1541 1185 1626 procul
1220 1563 1305 1605 an
1339 1562 1557 1605 coram
1593 1541 1875 1605 atrocior
1908 1538 2276 1606 haberetur:
2322 1540 2571 1626 dehinc,
2616 1563 2786 1626 quae

421 1635 655 1695 natura
696 1630 951 1717 magnis
996 1629 1355 1713 timoribus,
1403 1630 1684 1694 deterius
1729 1629 2091 1714 credebant,
2137 1630 2311 1713 quod
2356 1634 2667 1695 evenerat.

317 1719 400 1786 37
600 1717 748 1802 Ipse
803 1739 932 1801 quo
986 1718 1178 1782 fidem
1233 1718 1599 1800 adquireret
1651 1717 1818 1781 nihil
1880 1739 2153 1801 usquam
2217 1718 2479 1802 perinde
2535 1719 2779 1784 laetum

424 1808 575 1891 sibi,
636 1807 913 1890 publicis
957 1806 1118 1871 locis
1173 1809 1417 1869 struere
1471 1806 1766 1870 convivia
1820 1809 2085 1889 totaque
2138 1806 2297 1870 urbe
2350 1808 2534 1889 quasi
2585 1807 2782 1871 domo

422 1896 537 1958 uti.
598 1899 687 1981 ⁸et
731 1895 1179 1959 celeberrimae
1223 1893 1382 1957 luxu
1426 1894 1725 1976 famaque
1772 1894 2016 1984 epulae⁶
2042 1894 2239 1979 fuere,
2286 1916 2444 1977 quas
2488 1917 2529 1958 a
2568 1894 2786 1980 Tigel-

421 1983 558 2047 lino
613 1986 870 2067 paratas
923 1985 999 2046 ut
1052 1982 1416 2066 exemplum
1468 1981 1770 2066 referam,
1832 2003 1914 2046 ne
1969 1983 2223 2066 saepius
2286 1983 2507 2047 eadem
2569 1983 2783 2066 prodi-

369 2098 396 2139 5
428 2072 648 2158 gentia
691 2070 1008 2135 narranda
1053 2068 1154 2134 sit.
1245 2070 1449 2156 igitur
1503 2071 1573 2133 in
1627 2073 1857 2156 stagno
1902 2070 2231 2156 Agrippae
2284 2070 2635 2135 fabricatus
2682 2075 2785 2136 est

414 2164 650 2244 ratem,
694 2160 799 2224 cui
844 2158 1323 2243 superpositum
1367 2158 1736 2222 convivium
1775 2159 2038 2222 navium
2084 2159 2356 2223 aliarum
2400 2163 2613 2224 tractu
2646 2182 2784 2223 mo·-

422 2252 695 2313 veretur.
785 2269 981 2311 naves
1045 2268 1202 2311 auro
1267 2249 1333 2310 et
1391 2247 1583 2311 ebore
1648 2246 2013 2332 distinctae,
2074 2248 2479 2333 remigesque
2543 2247 2780 2312 exoleti

422 2358 537 2421 per
599 2338 840 2401 aetates
904 2339 970 2400 et
1033 2335 1365 2401 scientiam
1423 2334 1767 2399 libidinum
1830 2336 2397 2419 componebantur.
2487 2335 2780 2402 volucres

424 2429 489 2489 et
543 2426 712 2490 feras
768 2424 1035 2488 diversis
1092 2446 1126 2488 e
1179 2424 1368 2488 terris
1433 2428 1498 2487 et
1561 2424 1865 2488 animalia
1921 2425 2118 2489 maris
2153 2422 2429 2489 Oceano
2494 2426 2782 2509 abusque

344 2542 396 2581 ιο
422 2515 754 2599 petiverat.
846 2512 1279 2596 crepidinibus
1335 2512 1550 2598 stagni
1604 2512 1939 2595 lupanaria
2000 2513 2343 2578 adstabant
2397 2513 2783 2579 inlustribus

421 2603 680 2666 feminis
718 2600 1054 2685 completa,
1099 2604 1165 2664 et
1208 2603 1433 2665 contra
1479 2604 1691 2665 scorta
1734 2601 2108 2666 visebantur
2150 2601 2341 2665 nudis
2383 2603 2779 2686 corporibus.

418 2684 552 2754 ‘iam
608 2694 828 2777 gestus
882 2691 1226 2772 motusque
1287 2688 1546 2752 obsceni
1558 2714 1583 2773 3-
1638 2692 1704 2752 et
1765 2692 2110 2773 postquam
2168 2690 2471 2754 tenebrae
2534 2690 2779 2754 incede·

420 2779 607 2864 bant,
669 2781 984 2862 quantum
1037 2778 1218 2841 iuxta
1269 2777 1552 2841 nemoris
1617 2780 1682 2841 et
1735 2778 2145 2842 circumiecta
2198 2781 2371 2842 tecta
2424 2799 2778 2846 consonare

421 2871 616 2932 cantu
679 2869 746 2931 et
797 2865 1150 2930 luminibus
1204 2864 1566 2930 clarescere.
1656 2866 1795 2948 ipse
1859 2888 1975 2950 per
2030 2866 2212 2931 licita
2274 2870 2469 2950 atque
2529 2866 2781 2934 inlicita

603 3044 651 3093 6.
699 3056 863 3109 super
910 3037 1197 3107 ‘betreffs,
1251 3039 1498 3107 wegen’.
1573 3038 1687 3091 Fur
1730 3036 1824 3093 die
1868 3037 2288 3109 beabsichtigte
2331 3039 2500 3094 Reise
2552 3039 2672 3093 will
2715 3054 2782 3092 er

423 3109 679 3165 Gelflbde
724 3109 866 3163 thun
909 3109 1028 3163 und
1070 3108 1258 3163 beten.
1319 3110 1327 3178 Ι
1387 3114 1434 3163 6.
1482 3108 1599 3161 Der
1633 3107 1865 3178 Tempe]
1912 3109 2012 3163 der
2044 3108 2236 3164 Vesta'
2272 3109 2371 3192 lag
2416 3109 2639 3164 sudlich
2685 3126 2780 3163 am

419 3180 641 3235 Forum.
702 3183 716 3261 ι
771 3186 819 3234 9.
866 3181 1138 3249 inceptum
1181 3195 1291 3233 von
1335 3178 1520 3232 einem
1565 3177 1910 3249 politischen
1954 3180 2090 3234 oder
2129 3179 2542 3235 militarischen
2575 3180 2780 3235 Unter-

421 3251 665 3305 nehmen
698 3268 779 3304 im
816 3249 968 3320 Sing.
1000 3253 1072 3319 (1,
1103 3251 1191 3319 19)
1227 3248 1334 3302 wie
1366 3248 1447 3302 im
1482 3248 1632 3303 Plur.
1664 3255 1714 3316 6,
1745 3255 1829 3318 32,
1866 3249 1999 3304 hist.
2033 3257 2080 3318 1,
2111 3255 2205 3319 89,
2244 3251 2358 3321 vgl.
2397 3269 2524 3306 ann.
2552 3257 2615 3319 4,
2643 3256 2726 3304 33.
2759 3250 2773 3323 Ι

425 3326 507 3375 16.
547 3322 784 3376 volentia
813 3320 1172 3390 ‘angenehm'
1212 3317 1320 3374 wie
1347 3318 1479 3374 hist.
1508 3326 1561 3388 3,
1591 3325 1659 3373 52
1689 3320 1963 3376 Muciam>
2000 3322 2237 3376 volentia
2272 3324 2590 3391 rescripsere
2622 3319 2777 3375 nach

424 3393 553 3446 dem
579 3391 849 3462 Vei-gang
882 3408 994 3445 von
1021 3390 1233 3445 Sallust
1267 3390 1467 3461 fragm.
1505 3389 1586 3444 IV
1614 3395 1681 3443 56
1716 3390 1828 3458 Kr.‚
1865 3396 1933 3445 31
1964 3391 2014 3444 D
2051 3393 2337 3462 multisque
2373 3392 2782 3460 suspicionibus

416 3464 659 3532 volentia
687 3464 838 3531 plebi
868 3463 1123 3531 facturus
1156 3462 1469 3517 habebatur.
1530 3462 1538 3532 Ι
1597 3460 1703 3515 Die
1739 3460 2153 3517 Koordination
2186 3463 2286 3517 des
2321 3462 2580 3517 Ablativs
2617 3463 2776 3531 eupi-

421 3534 551 3588 dime
585 3533 694 3590 mit
728 3533 858 3587 dem
883 3531 1133 3602 Particip
1168 3533 1429 3587 metuenti
1463 3531 1543 3585 ist
1576 3530 1684 3585 wie
1717 3538 1767 3600 2,
1798 3538 1826 3585 1
1856 3539 2003 3588 metu
2027 3565 2099 3573 —
2125 3534 2365 3601 diffisus,
2398 3533 2504 3603 ΚΡ.
2535 3538 2604 3587 38
2637 3548 2779 3602 pao-s

420 3621 590 3673 mora,
666 3621 761 3659 ars
794 3605 1066 3672 festmans
1099 3621 1153 3658 11.
1184 3620 1234 3658 a.
1283 3607 1291 3669 Ι
1343 3607 1425 3657 18.
1464 3603 1751 3657 haberetm·
1784 3601 1902 3656 fast
1928 3629 1997 3649 =
2026 3609 2174 3671 esset,
2212 3622 2252 3659 s.
2293 3622 2364 3657 zu
2398 3603 2504 3674 ΚΡ.
2537 3609 2621 3672 16,
2652 3608 2700 3657 8.

642 3676 697 3730 7.
753 3680 802 3729 3.
860 3676 1001 3729 luxu
1043 3675 1301 3744 famaque
1357 3673 1486 3726 dem
1530 3672 1705 3727 Sinne
1758 3673 1907 3727 nach
1936 3699 2001 3720 ==
2030 3675 2185 3742 fama
2230 3681 2460 3798 prqpter
2514 3675 2721 3729 luxum.
2761 3674 2775 3746 Ι

421 3750 471 3800 5.
509 3745 625 3800 Das
660 3744 863 3799 Bassin
900 3746 998 3799 des
1026 3743 1296 3825 Agrippa,
1335 3745 1492 3798 sonst
1526 3742 1875 3812 unbekannt,
1913 3743 2012 3814 lag
2046 3744 2198 3799 wohl
2236 3761 2309 3800 au
2371 3746 2500 3799 dem
2533 3746 2783 3814 Campus

421 3814 725 3885 Agrippae,
762 3815 945 3870 einem
980 3815 1212 3870 klemen
1247 3813 1405 3869 Teile
1443 3813 1543 3868 des
1579 3813 1912 3868 Marsfeldes
1947 3815 2133 3870 neben
2170 3816 2271 3869 der
2296 3815 2408 3870 Via
2434 3813 2730 3888 Flaminia.
2763 3814 2776 3887 1

423 3891 470 3940 6.
509 3893 718 3941 tractus
755 3886 880 3939 ‘das
912 3885 1163 3955 Ziehen’,
1199 3884 1309 3939 wie
1335 3884 1504 3954 Verg.
1535 3882 1735 3954 Georg.
1768 3890 1820 3954 3,
1851 3887 1952 3939 183
1989 3893 2273 3955 tractuque
2307 3893 2597 3958 yeme‘ntem
2632 3886 2785 3953 ferm

419 3964 612 4011 rotam.
673 3957 682 4027 Ι
741 3962 790 4012 9.
828 3956 1074 4011 diem-sus
1113 3956 1433 4026 ‘entlegen‚
1469 3954 1624 4009 fern'
1664 3954 1772 4009 wie
1812 3961 1871 4023 1,
1911 3961 1978 4010 1⁷
2022 3957 2173 4012 trahi
2216 3958 2399 4012 adhuc
2433 3956 2679 4012 diversas
2712 3957 2779 4010 in

420 4033 620 4094 terras,
665 4027 781 4080 und
818 4026 977 4081 oft-er.
1039 4029 1047 4096 Ι
1106 4028 1345 4096 abusque
1381 4043 1424 4081 s.
1467 4031 1565 4095 13,
1601 4031 1687 4079 47.
1753 4025 1951 4081 Zuerst
1984 4027 2080 4082 bei
2115 4027 2281 4098 Verg.
2312 4028 2452 4082 Aen.
2493 4033 2542 4095 7,
2583 4031 2689 4080 288
2726 4031 2780 4081 et

419 4099 621 4152 laetum
664 4096 893 4152 Aenean
928 4128 999 4137 —
1035 4096 1221 4152 Siculo
1266 4097 1553 4166 prospe-vit
1605 4097 1843 4165 abusque
1889 4097 2165 4168 Pachyno.
2235 4100 2245 4168 Ι
2316 4104 2398 4153 10.
2456 4086 2607 4152 Uber
2665 4097 2778 4152 den

418 4166 650 4221 Ablativ
693 4167 1064 4236 crepidinibus
1117 4185 1157 4222 s.
1204 4166 1351 4221 Einl.
1398 4173 1429 4233 ς
1466 4171 1552 4220 35.
1618 4165 1671 4220 V
1709 4166 1745 4220 1.
1790 4167 1895 4235 ΚΡ.
1943 4174 2011 4222 38
2060 4170 2324 4225 lateribus
2376 4176 2479 4225 aut
2519 4171 2716 4237 fronte.
2755 4166 2772 4248 1

422 4242 504 4292 14.
542 4238 829 4293 clarescere
861 4254 993 4292 vom
1026 4236 1224 4292 Lichte
1259 4236 1576 4308 gebraucht
1611 4252 1669 4290 se
1694 4238 1791 4292 ten
1825 4238 1944 4291 und
1981 4242 2097 4294 erst
2131 4240 2213 4294 im
2250 4240 2375 4295 silb.
2414 4239 2633 4308 Latein‚
2678 4238 2778 4291 bei

419 4306 548 4361 Tac.
603 4324 710 4360 nur
752 4308 898 4361 noch
951 4306 1086 4363 dial.
1125 4314 1194 4361 36
1239 4309 1546 4378 eloquentia
1598 4307 1740 4362 sicut
1789 4309 2012 4380 flamm
2051 4354 2061 4365 .
2096 4355 2106 4365 .
2139 4351 2150 4364 .
2188 4313 2402 4366 urendo
2455 4309 2713 4365 clarescit.
2760 4308 2770 4380 Ι

411 4394 516 4446 per
560 4378 714 4432 licita
758 4384 918 4447 atque
961 4379 1160 4434 illicita
1203 4376 1489 4448 Hyperbel
1534 4376 1643 4432 wie
1687 4376 1819 4433 hist.
1859 4384 1889 4431 2
1904 4421 1918 4447 ,
1956 4384 2025 4434 56
2070 4383 2136 4436 in
2178 4397 2333 4437 omne
2377 4382 2470 4449 fas
2516 4380 2782 4448 nefasque

1847 4487 1880 4498 O
