3075 4800
421 254 511 319 34
791 253 1135 309 CORNELII
1172 255 1414 310 TACITI
1446 255 1547 309 AB
1584 255 1908 311 EXOESSU
1942 255 2098 311 DIVI
2133 256 2466 331 AUGUSTI·

417 438 601 503 gum,
664 437 820 482 mox
874 417 1373 501 praevaricando
1429 416 1746 481 ultionem
1803 418 2114 482 elusurus.
2207 419 2465 483 additur
2521 425 2789 486 senatus

419 505 745 590 consulto,
805 506 917 590 qui
963 506 1158 570 talem
1206 525 1466 588 operam
1514 506 1919 588 emptitasset
1964 507 2462 592 vendidissetve,
2515 510 2787 592 perinde

421 616 630 678 poena
674 598 1000 659 teneretur
1044 614 1120 658 ac
1163 591 1425 676 publico
1474 592 1712 658 iudicio
1761 593 2118 659 calumniae
2164 596 2646 662 condemnatus.

311 682 400 746 42
598 682 792 746 Haud
845 681 1054 746 multo
1108 684 1263 765 post
1315 681 1712 765 praefectum
1768 683 1948 746 urbis
2002 682 2358 748 Pedanium
2417 682 2788 750 Secundum

422 792 644 836 servus
689 770 896 853 ipsius
942 770 1284 855 interfecit,
1330 791 1444 835 seu
1489 774 1725 856 negata
1768 770 2084 856 libertate,
2132 773 2235 836 cui
2279 773 2562 856 pretium
2608 776 2785 858 pepi-

421 862 632 944 gerat,
686 859 820 922 sive
865 880 1082 922 amore
1130 860 1367 925 exoleti
1411 861 1711 925 incensus
1767 865 1833 925 et
1887 860 2221 925 dominum
2272 862 2595 925 aemulum
2650 884 2784 927 non

421 947 721 1012 tolerans.
805 950 1088 1012 ceterum
1135 968 1281 1012 cum
1328 951 1542 1012 vetere
1589 969 1667 1013 ex
1712 970 1892 1012 more
1935 948 2250 1013 familiam
2298 970 2573 1036 omnem,
2619 971 2792 1034 quae

367 1062 393 1102 5
423 1037 544 1101 sub
601 1035 824 1099 eodem
882 1039 1054 1101 tecto
1119 1037 1605 1121 mansitaverat,
1669 1037 1752 1101 ad
1811 1037 2201 1121 supplicium
2266 1039 2374 1124 agi
2437 1044 2782 1125 oporteret,

421 1145 739 1190 concursu
781 1119 1018 1211 plebis,
1075 1146 1238 1210 quae
1283 1129 1386 1190 tot
1430 1123 1733 1190 innoxios
1778 1127 2188 1212 protegebat,
2240 1149 2443 1211 usque
2494 1129 2575 1191 ad
2619 1129 2779 1193 sedi·

420 1214 664 1279 tionem
712 1217 976 1278 ventum
1024 1218 1123 1277 est
1168 1218 1556 1297 senatusque
1602 1214 1891 1293 obsessu3,
1942 1216 2011 1278 in
2057 1236 2185 1298 quo
2233 1216 2375 1299 ipso
2423 1220 2606 1280 erant
2651 1219 2781 1280 stu-

421 1303 528 1368 dia
561 1302 832 1367 nimiam
870 1304 1277 1367 severitatem
1313 1303 1815 1388 aspernantium,
1860 1302 2154 1386 pluribus
2196 1303 2363 1368 nihil
2399 1305 2781 1369 mutandum

423 1392 848 1457 censentibus.
940 1413 1019 1455 ex
1065 1392 1210 1475 quis
1260 1390 1326 1456 O.
1377 1390 1636 1456 Cassius
1694 1393 2047 1456 sententiae
2100 1392 2244 1457 loco
2301 1393 2372 1457 in
2424 1393 2598 1458 hunc
2647 1415 2781 1457 mo-

345 1506 398 1545 10
425 1481 579 1545 dum
626 1480 953 1545 disseruit:

314 1568 406 1634 43
605 1566 832 1652 ‘Saepe
887 1590 1183 1653 numero,
1237 1572 1452 1652 patres
1507 1568 1884 1655 conscripti,
1940 1569 2010 1632 in
2054 1568 2179 1633 hoc
2225 1570 2447 1634 ordine
2494 1570 2781 1655 interfui,

423 1679 570 1721 cum
627 1660 852 1723 contra
904 1658 1205 1722 instituta
1268 1661 1333 1722 et
1386 1657 1564 1744 leges
1618 1657 1937 1722 maiorum
1991 1679 2160 1722 nova
2214 1662 2471 1722 senatus
2528 1658 2788 1723 decreta

422 1746 928 1830 postularentur3
965 1767 1173 1830 neque
1211 1768 1352 1810 sum
1391 1748 1782 1831 adversatuS,
1826 1767 1960 1810 non
1997 1747 2150 1830 quia
2186 1747 2544 1811 dubitarem
2583 1769 2779 1831 super

425 1835 723 1899 omnibus
767 1835 1048 1919 negotiis
1095 1834 1323 1899 melius
1371 1838 1565 1918 atque
1612 1835 1851 1899 rectius
1900 1835 2056 1899 olim
2103 1836 2433 1918 provisum
2480 1840 2563 1920 et,
2611 1857 2775 1919 quae

368 1949 394 1990 5
423 1926 963 2007 converterentur,
1007 1925 1079 1987 in
1117 1923 1395 1987 deterius
1431 1924 1688 2008 mutari,
1736 1924 1846 1987 sed
1889 1945 1970 1988 ne
2016 1924 2218 1988 nimio
2264 1945 2480 1988 amore
2527 1922 2783 2007 antiqui

423 2012 623 2075 moris
671 2012 954 2075 studium
992 2032 1209 2075 meum
1256 2011 1564 2076 extollere
1601 2012 1867 2077 viderer.
1944 2013 2138 2076 simul
2185 2012 2498 2097 quidquid
2540 2011 2668 2076 hoc
2712 2012 2782 2076 in

421 2100 610 2165 nobis
674 2100 1079 2164 auctoritatis
1144 2104 1269 2185 est,
1334 2100 1575 2164 crebris
1639 2101 2259 2166 contradictionibus
2325 2101 2778 2165 destruendum

421 2209 555 2253 non
600 2187 1066 2273 existimabam,
1116 2192 1191 2252 ut
1235 2194 1522 2254 maneret
1568 2189 1923 2275 integrum,
1969 2190 2026 2253 si
2072 2191 2327 2273 quando
2374 2211 2476 2254 res
2521 2189 2782 2273 publica

422 2276 709 2342 consiliis
757 2278 1054 2363 eguisset.
1141 2278 1315 2360 quod
1357 2276 1551 2343 hodie
1593 2279 1807 2344 evenit
1852 2278 2174 2344 consulari
2218 2278 2359 2343 viro
2409 2278 2583 2341 domi
2631 2299 2784 2342 suae

344 2392 400 2433 10
428 2365 770 2431 interfecto
815 2388 930 2450 per
975 2365 1241 2431 insidias
1288 2366 1577 2453 serviles,
1634 2389 1792 2452 quas
1845 2388 2037 2432 nemo
2091 2366 2429 2451 prohibuit
2482 2371 2594 2432 aut
2636 2388 2782 2451 pro-

426 2454 591 2519 didit
648 2455 938 2539 quamvis
992 2454 1280 2519 nondum
1336 2476 1647 2520 concusso
1705 2461 1963 2521 senatus
2020 2453 2342 2543 consultoss,
2409 2458 2581 2541 quod
2636 2478 2782 2540 sup-

424 2543 692 2628 plicium
756 2544 882 2609 toti
944 2543 1229 2608 familiae
1291 2544 1730 2609 minitabatur.
1822 2545 2142 2610 decernite
2204 2544 2463 2610 hercule
2525 2544 2782 2628 inpuni-

604 2724 653 2773 6.
700 2725 923 2773 senatus
958 2719 1202 2773 consulto
1283 2718 1360 2772 Es
1396 2718 1475 2773 ist
1511 2719 1613 2773 das
1651 2718 2213 2773 Senatusconsultum
2247 2718 2667 2788 Turpilianum,
2717 2735 2780 2773 so

424 2789 678 2843 benannt
710 2789 859 2842 :nach
896 2789 1026 2843 dem
1058 2789 1522 2858 prasidierenden
1557 2789 1799 2858 Konsul‚
1836 2790 2072 2845 wonach
2107 2789 2187 2842 im
2222 2789 2381 2844 Falle
2418 2789 2573 2845 einer
2606 2790 2781 2843 :nach-

465 2859 778 2914 ewiesenen
801 2859 1232 2914 Pravarikation
1261 2861 1361 2915 der
1388 2861 1517 2915 Frei
1558 2861 1899 2930 esprochene
1926 2878 2040 2915 von
2065 2876 2269 2915 neuem
2293 2860 2533 2931 belangt
2556 2861 2781 2915 werden

462 2930 628 2985 urfte.
697 2932 706 3000 1
775 2936 824 2986 8.
862 2929 968 2985 Die
1004 2932 1286 2986 calumnia
1327 2932 1380 2986 d.
1410 2932 1465 2986 h.
1544 2932 1598 2987 ie
1634 2931 1980 2986 wissentlich
2016 2930 2232 2985 falsche
2268 2931 2529 3000 Anklage
2564 2948 2682 2986 war
2717 2931 2779 2984 in

422 3000 881 3055 Kriminalf'allen
914 3001 1023 3055 mit
1057 3001 1442 3073 Verbannung
1478 3004 1615 3058 oder
1651 3002 2130 3071 Standesverlust,
2176 3001 2236 3055 in
2275 3001 2627 3057 Civilsachen
2653 3000 2783 3055 *mit

425 3071 580 3126 einer
617 3071 935 3126 Geldstrafe
970 3089 1077 3126 von
1122 3073 1180 3145 Ἃ
1222 3073 1360 3145 oder
1402 3073 1445 3146 ¹]
1465 3114 1488 3146 o
1531 3074 1629 3128 des
1669 3072 2103 3143 Streitobjektes
2140 3072 2397 3128 bedroht.

606 3141 707 3197 42.
766 3149 813 3195 1.
852 3142 1133 3197 Pedanius
1169 3160 1286 3197 war
1320 3143 1401 3197 im
1436 3113 1485 3199 l.
1515 3150 1585 3198 43
1622 3144 1838 3199 Konsul
1875 3160 2148 3214 gewesen.
2201 3145 2209 3214 Ι
2269 3150 2317 3198 2.
2349 3146 2606 3213 pretium.
2672 3142 2781 3196 Die

424 3213 641 3268 Herren
679 3212 974 3268 erlaubten
1011 3213 1096 3267 oft
1133 3214 1243 3269 den
1279 3214 1519 3270 Sklaven
1533 3260 1547 3284 ‚
1595 3215 1716 3270 sich
1758 3215 1883 3270 eine
1919 3214 2159 3284 massige
2197 3215 2421 3269 Summe
2460 3216 2778 3284 (peculium)

423 3301 497 3410 {2
526 3283 2570 3412 ffiffitznieffitssessiea1‘ignfiessio3¹11?ssFiffikiussuissinuissffisstdffss·
2604 3291 2782 3409 &533⁶

425 3425 502 3480 ist
532 3430 616 3492 13,
646 3397 714 3479 3⁶2
742 3425 1035 3480 beriohtet.
1071 3428 1079 3497 ι
1112 3432 1161 3482 8.
1193 3428 1452 3496 pluo-ibus
1478 3377 1812 3483 bezeighnet
1840 3400 1931 3481 di'e
1958 3427 2268 3496 Majoritae
2303 3445 2345 3480 s.
2376 3443 2443 3478 zu
2471 3425 2577 3495 xp.
2609 3430 2697 3493 27,
2728 3398 2779 3480 εἴ

424 3497 660 3565 dilapsis
678 3497 939 3565 pluribus
966 3496 1080 3566 (die
1098 3497 1411 3566 Mehrzahl)
1438 3500 1501 3552 iu
1518 3501 1856 3568 provincias.
1891 3502 1898 3568 Ι
1932 3504 1981 3552 9.
2016 3498 2071 3553 0.
2105 3497 2343 3564 Cassius,
2368 3514 2409 3551 s.
2442 3514 2510 3549 zu
2540 3502 2626 3565 12,
2647 3501 2732 3550 11.
2766 3496 2775 3568 Ι

425 3568 720 3623 sententiae
758 3568 871 3622 loco
911 3568 1018 3621 ‘als
1054 3567 1149 3622 bei
1186 3569 1286 3622 der
1312 3568 1712 3640 Abstimmung
1750 3569 1842 3624 die
1870 3569 2047 3624 Reihe
2086 3584 2159 3621 an
2185 3566 2285 3621 ihn
2321 3568 2499 3635 kam’,
2538 3583 2599 3620 so
2628 3573 2680 3633 2,
2710 3572 2779 3620 33

426 3645 544 3694 erat
579 3639 779 3707 quippe
815 3640 995 3693 adhuc
1028 3640 1283 3708 frequens
1317 3641 1675 3709 senatoribus,
1712 3642 1765 3696 si
1790 3643 1927 3711 quid
1962 3657 1989 3694 e
2024 3640 2304 3708 republica
2340 3639 2629 3706 crederent,
2668 3639 2785 3692 loeo

424 3710 719 3764 sententiae
747 3725 1009 3778 promere.

602 3777 703 3833 43.
761 3785 808 3834 6.
855 3779 966 3834 Mit
1006 3782 1248 3851 studium
1295 3779 1516 3834 scheint
1562 3779 1655 3834 die
1700 3781 1901 3835 Kunde
1948 3782 2048 3835 der
2093 3780 2250 3835 alten
2293 3779 2780 3835 Rechtszustande

425 3849 674 3918 gemeint
709 3867 778 3903 zu
815 3849 950 3905 sein.
1023 3850 1268 3904 Ahnlich
1303 3850 1382 3906 ist
1418 3851 1552 3906 Sall.
1591 3851 1640 3905 J.
1678 3857 1738 3919 4,
1778 3859 1809 3905 2
1846 3868 1915 3907 ne
1952 3854 2075 3922 quis
2110 3853 2394 3906 existumet
2436 3857 2623 3906 memet
2667 3857 2780 3905 stu·

425 3921 580 3974 dium
623 3936 799 3974 meum
845 3922 1127 3975 laudando
1171 3923 1434 3977 extollere.
1504 3924 1512 3993 Ι
1582 3927 1630 3976 6.
1679 3924 1948 3992 quidquid
1991 3925 2091 3977 hoc
2127 3925 2218 3992 (=
2258 3923 2528 3991 quidquid
2570 3923 2669 3976 hoc
2705 3928 2784 3976 est

425 3991 589 4060 quod)
635 3992 698 4044 iu
732 3992 889 4046 uobis
925 3993 1267 4047 auctoritatis
1302 3999 1401 4061 est,
1440 4010 1481 4048 s.
1520 4010 1592 4046 zu
1630 3999 1681 4061 1,
1708 4000 1796 4063 42,
1826 4000 1874 4047 5.
1942 3994 1949 4060 Ι
2020 3998 2067 4047 7.
2104 3994 2264 4046 uobis
2305 3992 2388 4045 als
2426 3992 2618 4045 Plural
2652 4007 2783 4061 pro-

425 4060 639 4115 miscue
674 4060 782 4114 mit
818 4061 946 4115 dem
974 4061 1236 4131 Singular
1274 4063 1374 4118 der
1405 4066 1593 4118 ersten
1619 4064 1845 4133 Person,
1882 4063 1989 4118 wie
2018 4064 2151 4132 Agr.
2181 4068 2250 4116 43
2287 4064 2446 4118 uobis
2472 4064 2615 4116 nihil
2642 4079 2782 4117 com-

418 4133 587 4201 perti,
621 4138 686 4187 ut
721 4132 1003 4199 affirmare
1039 4135 1236 4200 ausim,
1274 4133 1383 4189 Cic.
1425 4134 1494 4189 de
1533 4133 1626 4190 off.
1668 4141 1718 4204 1,
1746 4141 1833 4203 22,
1865 4142 1893 4190 7
1900 4142 1931 4189 6
1968 4135 2106 4189 mihi
2142 4135 2360 4203 quidem
2393 4150 2562 4203 ‘neque
2590 4134 2784 4202 pueris

424 4203 583 4256 uobis
621 4246 631 4257 .
667 4247 677 4257 .
711 4247 720 4257 .
758 4219 930 4272 neque
974 4220 1096 4257 cum
1139 4221 1503 4272 versaremur,
1550 4206 1668 4259 und
1715 4205 1855 4260 aller
1893 4205 2081 4261 Orten.
2154 4209 2161 4275 Ι
2231 4211 2280 4259 9.
2328 4205 2610 4259 consulari
2649 4205 2782 4258 viro,
2881 4220 2888 4225 ·

429 4278 488 4340 6,
529 4278 592 4326 11
642 4272 815 4327 heifst
864 4289 922 4327 es
969 4291 1081 4327 von
1126 4275 1442 4343 Augustus,
1496 4275 1621 4330 dass
1669 4293 1730 4331 er
1773 4276 1869 4331 bei
1915 4276 2015 4330 der
2058 4274 2405 4344 Einsetzung
2450 4276 2550 4329 der
2595 4274 2784 4329 Stadt-

424 4341 720 4410 prafektur
765 4346 998 4413 sumpsit
1041 4361 1071 4399 e
1113 4347 1518 4414 consularibus,
1576 4349 1673 4417 qui
1725 4354 1984 4403 coerceret
2027 4348 2252 4402 servitia
2296 4353 2347 4400 et
2390 4346 2535 4415 quod
2584 4346 2786 4400 civium

424 4414 669 4468 audacia
703 4416 1004 4477 turbidum,
1039 4417 1154 4470 ‘nisi
1188 4417 1298 4470 vim
1332 4423 1550 4471 metuat.
