3075 4800
1094 182 1310 276 meaa
1343 221 1461 275 ΧΠ.
1520 221 1674 277 CAP.
1714 227 1907 276 6—11.
2595 220 2681 285 39

325 384 612 450 nationis
673 387 1028 467 uterentur,
1087 384 1238 467 quia
1284 382 1523 448 Seneca
1567 382 1735 448 fidus
1780 383 1849 446 in
1894 381 2324 469 Agrippinam
2370 386 2681 449 memoria

326 472 629 538 beneficii
674 473 741 536 et
786 472 1075 536 infensus
1125 470 1392 535 Claudio
1441 471 1661 536 dolore
1708 471 1979 535 iniuriae
2026 471 2418 536 credebatur.

507 560 827 625 Placitum
885 558 1114 624 dehinc
1159 555 1291 624 non
1335 560 1507 624 ultra
1553 560 1866 643 cunctari,
1922 560 2032 624 sed
2079 559 2484 645 designatum
2531 581 2678 624 con-
2699 559 2738 623 9

328 649 535 713 sulem
571 647 950 712 Mammium
987 646 1347 712 Pollionem
1394 648 1765 734 ingentibus
1810 648 2145 731 promissis
2192 648 2505 713 inducunt
2542 670 2679 713 sen-

328 738 598 802 tentiam
645 757 1035 819 expromere,
1082 758 1208 819 qua
1244 740 1536 800 oraretur
1574 735 1878 800 Claudius
1914 736 2307 820 despondere
2344 734 2677 801 Octaviam

328 825 643 908 Domitio,
690 824 864 908 quod
909 825 1106 888 aetati
1152 825 1487 907 utriusque
1532 846 1665 888 non
1710 824 2059 888 absurdum
2106 828 2172 889 et
2213 826 2460 889 maiora
2504 828 2678 908 pate-

325 913 652 977 facturum
708 916 861 976 erat.
952 911 1164 976 Pollio
1218 911 1392 976 haud
1436 912 1800 996 disparibus
1847 912 2059 976 verbis
2107 934 2181 977 ac
2224 935 2430 996 nuper
2474 912 2679 977 Vitel-
2695 936 2721 976 5

326 1001 457 1064 lius
504 1003 750 1085 censet3
797 1000 1353 1083 despondeturque
1391 998 1676 1083 Octavia,
1722 1022 1795 1064 ac
1842 1021 2034 1084 super
2077 1001 2361 1084 priorem
2406 1002 2679 1066 necessi-

324 1089 614 1152 tudinem
680 1109 953 1172 sponsus
1020 1089 1148 1152 iam
1213 1092 1279 1153 et
1341 1110 1537 1174 gener
1592 1088 1921 1151 Domitius
1983 1089 2246 1172 aequari
2301 1088 2675 1154 Britannico

325 1177 558 1241 studiis
603 1176 848 1260 matris,
893 1180 1029 1240 arte
1077 1198 1316 1261 eorum,
1364 1177 1508 1262 quis
1547 1177 1629 1240 ob
1668 1179 2028 1241 accusatam
2065 1176 2474 1241 Messalinam
2512 1177 2686 1241 ultio

326 1287 406 1329 ex
450 1265 588 1328 filio
634 1264 999 1329 timebatur.

503 1352 627 1417 Per
687 1353 858 1417 idem
917 1356 1171 1436 tempus
1235 1352 1433 1439 legati
1486 1352 1876 1417 Parthorum
1944 1353 2024 1417 ad
2084 1353 2537 1437 expetendum,
2601 1357 2677 1417 ut
2701 1350 2784 1413 10

323 1441 569 1524 rettuli,
612 1439 1029 1505 Meherdaten
1072 1441 1257 1505 missi
1303 1444 1596 1505 senatum
1643 1441 2092 1527 ingrediuntur
2136 1441 2561 1525 mandataque
2609 1443 2676 1505 in

323 1528 497 1594 hunc
542 1529 809 1592 modum·
854 1529 1197 1612 incipiunt:
1243 1551 1377 1593 non
1421 1551 1488 1593 se
1534 1529 1812 1593 foederis
1859 1530 2118 1614 ignaros
2162 1551 2281 1593 nec
2319 1529 2676 1594 defectione

321 1639 363 1681 a
426 1616 674 1681 familia
710 1615 1180 1681 Arsacidarum
1246 1618 1461 1681 venire
1469 1669 1486 1701 ‚
1553 1618 1664 1682 sed
1727 1616 1935 1681 filium
1990 1616 2311 1701 VononiS,
2374 1622 2674 1701 nepotem

321 1704 622 1769 Phraatis
686 1726 1005 1770 accersere
1071 1706 1371 1769 adversus
1436 1706 1941 1770 dominationem
1999 1702 2293 1769 Gotarzis
2347 1704 2676 1769 nobilitati
2694 1727 2720 1767 5

323 1793 630 1877 plebique
699 1794 880 1857 iuxta
942 1794 1423 1857 intolerandam.
1539 1794 1668 1858 iam
1731 1795 1991 1877 fratreS,
2065 1794 2193 1857 iam
2256 1794 2676 1878 propinquos,

322 1882 453 1945 iam
507 1881 765 1967 longius
816 1882 976 1945 sitos
1022 1881 1322 1947 caedibus
1369 1881 1743 1967 exhaustos3
1798 1882 1965 1946 adici
2010 1883 2315 1967 coniuges
2362 1883 2677 1968 gravidas,

326 1969 569 2034 liberos
634 1990 868 2053 parvos
877 2021 895 2053 ,
958 1970 1111 2033 dum
1177 1991 1394 2035 socors
1459 1970 1662 2055 domi,
1724 1970 1913 2034 bellis
1978 1970 2297 2034 infaustus
2352 1971 2675 2055 ignaviam

324 2059 597 2123 saevitia
668 2061 862 2143 tegat.
971 2062 1251 2122 veterem
1324 2058 1450 2122 sibi
1523 2080 1597 2122 ac
1660 2058 1917 2142 publice
1981 2061 2273 2142 coeptam
2335 2058 2675 2123 nobiscum

320 2146 702 2229 amicitiam,
758 2149 824 2209 et
878 2146 1383 2210 subveniendum
1440 2148 1632 2211 sociis
1677 2147 1913 2210 virium
1961 2146 2228 2210 aemulis
2275 2146 2675 2210 cedentibus-
2695 2170 2747 2208 ιο

324 2256 448 2319 que
503 2256 620 2318 per
677 2235 1116 2299 reverentiam.
1210 2235 1352 2299 ideo
1399 2257 1626 2320 regum
1670 2235 1911 2299 liberos
1960 2234 2215 2298 obsides
2263 2234 2418 2319 dari,
2465 2238 2565 2319 ut,
2619 2235 2675 2298 si

321 2323 666 2387 domestici
722 2322 977 2407 imperii
1032 2322 1310 2408 taedeat,
1364 2324 1451 2387 sit
1503 2345 1835 2410 regressus
1890 2323 1969 2387 ad
2022 2322 2380 2407 principem
2433 2326 2676 2407 patres-

322 2433 467 2496 que,
514 2434 790 2496 quorum
835 2412 1127 2476 moribus
1174 2412 1580 2478 adsuefactus
1626 2434 1740 2477 rex
1784 2412 2015 2477 melior
2061 2412 2537 2476 adscisceretur.

499 2499 632 2565 Ubi
676 2500 833 2563 haec
874 2503 1066 2585 atque
1104 2500 1260 2564 talia
1294 2501 1733 2584 dissertavere,
1780 2500 2009 2584 incipit
2045 2501 2401 2564 orationem
2440 2498 2674 2564 Caesar
2697 2499 2775 2561 11

320 2587 403 2652 de
467 2588 730 2674 fastigio
785 2588 1079 2652 Romano
1133 2587 1651 2672 Parthorumque
1708 2589 2033 2673 obsequiis
2089 2610 2283 2673 seque
2340 2588 2488 2652 divo
2543 2587 2674 2652 Au-

318 2679 515 2762 gusto
572 2676 995 2760 adaequabat,
1048 2678 1325 2761 petitum
1386 2677 1466 2741 ab
1523 2699 1599 2741 eo
1655 2699 1872 2764 regem
1923 2676 2232 2759 referenS,
2288 2677 2527 2741 omissa
2571 2675 2674 2740 Ti-

318 2765 486 2830 berii
549 2765 885 2849 memoria,
952 2787 1338 2850 quamquam
1394 2767 1450 2830 is
1507 2787 1763 2850 quoque
1817 2766 2097 2829 miserat.
2198 2765 2444 2829 addidit
2496 2786 2673 2847 prae-

320 2858 513 2937 cepta
578 2851 848 2941 (etenim
914 2853 1133 2917 aderat
1184 2852 1645 2940 Meherdates),
1701 2857 1785 2918 ‘ut
1845 2875 1979 2917 non
2040 2853 2542 2917 dominationem
2609 2856 2675 2917 et
2691 2877 2716 2916 5

501 3132 562 3188 9.
601 3138 649 3188 2.
687 3133 943 3187 inducere
978 3132 1084 3186 mit
1120 3131 1250 3186 dem
1284 3132 1549 3200 Infinitiv,
1588 3151 1630 3188 s.
1667 3132 1814 3187 Einl.
1852 3139 1882 3199 ξ
1914 3138 1995 3186 79.
2048 3134 2057 3203 1
2116 3138 2165 3187 3.
2204 3149 2362 3188 orare
2397 3131 2506 3185 mit
2542 3132 2670 3185 dem

318 3202 570 3257 Infinitiv
624 3220 667 3256 s.
705 3219 774 3255 zu
813 3208 898 3271 11,
928 3208 1014 3269 32,
1046 3207 1128 3256 10.
1163 3206 1171 3272 Ι
1203 3209 1253 3257 4.
1291 3206 1475 3259 aetati.
1540 3204 1691 3258 Nero
1726 3220 1845 3257 war
1872 3202 2053 3270 zwfflf,
2082 3201 2319 3265 Octavia
2347 3205 2492 3257 etwa
2519 3218 2670 3257 neun

318 3274 356 3329 J
358 3274 494 3358 ahre
531 3246 641 3354 ait..
700 3273 766 3326 In
817 3272 1030 3327 diesem
1064 3272 1225 3328 Alter
1277 3275 1508 3355 wurden
1554 3273 1791 3357 Kinder·
1824 3273 2095 3328 zuweilen
2132 3273 2325 3358 ⁸schon
2378 3273 2613 3329 verlobt.
2638 3275 2663 3356 J

318 3346 1072 3473 Wffl.⁰¹31⁰ffl?a1¹·³gusnffl
1096 3343 1309 3469 5153&
1321 3344 1443 3469 ¹¹dess
1445 3345 2271 3485 ffgssssffinmffifflffi.
2299 3344 2408 3469 [1ἑέ
2433 3360 2669 3469 32⁶3&

500 3503 600 3558 1⁰.
640 3508 689 3558 2.
726 3500 942 3571 rettuli,
981 3519 1022 3556 s.
1065 3507 1148 3571 11,
1181 3507 1264 3555 10.
1410 3508 1458 3557 3.
1497 3504 1746 3570 foederis.
1818 3502 1903 3556 Im
1937 3502 1986 3556 J.
2018 3507 2086 3555 20
2127 3520 2171 3556 v.
2202 3501 2326 3557 Chr.
2364 3501 2540 3556 baten
2577 3501 2670 3555 die

320 3574 564 3629 Parther
598 3590 695 3627 um
733 3572 827 3626 die
862 3572 1274 3627 Freundschaft
1351 3589 1410 3628 es
1448 3574 1765 3643 Augustus3
1819 3578 1885 3628 18
1923 3590 1976 3628 n.
2008 3572 2130 3627 Chr.
2171 3574 2461 3627 erneuerte
2497 3572 2667 3627 Arta-

317 3645 504 3699 banus
543 3643 645 3699 das
673 3642 928 3697 Bi‘indnis
964 3642 1071 3697 mit
1097 3642 1373 3713 Tiberius,
1403 3646 1596 3713 spater
1621 3644 1769 3697 auch
1801 3643 1908 3697 mit
1937 3642 2211 3712 Caligula.
2246 3644 2255 3711 Ι
2288 3648 2338 3696 3.
2376 3644 2669 3711 defectiom

325 3714 454 3769 ‘auf
477 3713 674 3768 Grund
702 3730 826 3780 von,
854 3712 1114 3784 insolge’‚
1143 3732 1185 3769 s.
1216 3732 1285 3768 zu
1315 3720 1365 3783 3,
1395 3720 1481 3782 24,
1504 3720 1589 3767 15.
1622 3716 1630 3784 Ι
1662 3720 1712 3770 4.
1750 3713 2011 3768 Vonones
2039 3730 2155 3767 war
2182 3713 2261 3767 im
2288 3713 2337 3768 J.
2371 3719 2436 3768 19
2463 3732 2519 3768 n.
2541 3713 2669 3770 Chr.

318 3785 406 3840 als
443 3783 749 3840 romischer
785 3783 1142 3855 Gesangener
1179 3785 1283 3839 auf
1313 3784 1498 3840 seiner
1532 3784 1739 3839 Flucht
1773 3783 1832 3838 in
1870 3783 2104 3839 Cilicien
2139 3786 2373 3855 gatotet.
2408 3786 2416 3854 Ι
2464 3790 2513 3839 ’1.
2552 3786 2667 3840 lon·

371 3858 448 3910 ’us
481 3857 614 3911 sitos
653 3854 770 3910 ‘die
805 3854 992 3910 ferner
1027 3855 1358 3910 stehenden’
1398 3855 1506 3910 mit
1540 3854 1852 3910 Rficksicht
1887 3854 1991 3908 auf
2012 3854 2509 3909 Verwandtschaft
2544 3854 2671 3910 eine

367 3925 708 3996 rweiterung
740 3940 851 3979 von
878 3925 1013 3980 Sall.
1041 3926 1110 3980 H.
1141 3933 1208 3980 19
1235 3927 1349 3996 Κ1·.,
1379 3932 1445 3981 61
1475 3926 1564 3995 1).,
1595 3932 1660 3980 15
1687 3926 1861 3981 socios
1886 3925 2090 3980 amicos
2109 3927 2308 3995 procul
2332 3928 2495 3981 iuxta
2520 3928 2668 3994 sitos,

315 3997 459 4121 bng
477 3996 609 4051 hist.
638 4002 669 4050 2
684 4039 697 4064 ‚
718 4002 810 4121 giis
834 3999 1033 4122 pla-0231
1074 3999 1158 4121 gel
1201 3999 1366 4123 {eaxan
1392 3999 1548 4122 ἔξω
1581 3998 1738 4052 vires.
1810 3997 1949 4051 situs
1986 3995 2138 4050 steht
2171 3995 2233 4049 in
2268 3995 2499 4051 solchen
2533 3996 2668 4050 Ver-

359 4086 420 4120 m
460 4082 649 4138 ungen
686 4083 717 4120 e
806 4084 872 4122 ac
972 4085 1038 4121 ur
1113 4085 1175 4122 as
1352 4111 1363 4123 .
1504 4084 1580 4122 es.
1618 4083 1727 4122 von
1762 4083 1897 4121 sum.

499 4155 598 4212 11.
640 4163 688 4212 1.
727 4158 1039 4225 dissertare,
1094 4157 1239 4210 auch
1297 4162 1381 4225 13,
1412 4161 1504 4223 38;
1561 4155 1692 4211 hist.
1724 4161 1775 4225 4,
1806 4161 1902 4223 69,
1958 4153 2036 4208 ist
2092 4153 2184 4209 ein
2238 4152 2667 4207 archaistisches

317 4226 499 4282 Wort.
558 4228 568 4298 Ι
629 4233 678 4283 2.
715 4226 842 4281 Von
876 4227 1165 4297 Augustus
1209 4244 1328 4281 war
1367 4228 1651 4294 Vonones,
1706 4243 1818 4281 von
1865 4223 2124 4279 Tiberius
2169 4224 2250 4279 im
2283 4224 2332 4279 J.
2365 4229 2432 4277 35
2484 4226 2668 4277 zuerst

320 4297 595 4352 Phraates
631 4297 750 4351 und
784 4297 931 4351 nach
979 4297 1179 4351 dessen
1216 4298 1372 4352 Tode
1417 4297 1479 4350 in
1533 4296 1858 4351 demselben
1892 4296 1926 4349 J
1930 4296 2066 4349 ahre
2103 4294 2384 4349 Tiridates
2423 4292 2526 4348 auf
2558 4292 2670 4346 den

319 4368 687 4436 parthischen
731 4368 920 4422 Thron
966 4370 1197 4438 gesetzt.
1266 4372 1276 4438 Ι
1343 4374 1393 4423 4.
1431 4370 1655 4424 miserat
1709 4384 1782 4422 sc.
1825 4366 2081 4421 ‘welche'
2144 4383 2185 4419 s.
2225 4381 2294 4417 zu
2333 4369 2417 4432 11,
2446 4369 2531 4430 24,
2561 4367 2611 4416 8.
2652 4363 2661 4432 Ι
