3075 4800
1091 236 1307 290 LIBER
1342 235 1486 290 XIV.
1554 235 1685 305 Cap.
1715 240 1947 291 ·53-56.
2616 239 2704 303 43

340 398 460 482 qui
519 418 623 461 me
686 418 819 460 non
882 399 1135 461 tantum
1198 397 1516 482 praevisa,
1592 398 1703 463 sed
1767 398 1982 464 subita
2044 398 2341 482 expedire
2405 400 2698 486 docuisti.

343 485 584 549 abavus
628 507 810 549 meus
858 483 1192 571 Augustus
1240 484 1569 572 Agrippae
1616 492 1681 552 et
1725 487 2084 552 Maecenati
2136 509 2446 571 usurpare
2495 489 2699 552 otium

343 576 494 657 post
538 573 792 638 labores
838 575 1182 658 concessit,
1240 575 1352 639 sed
1404 575 1473 639 in
1519 598 1595 640 ea
1638 577 1780 660 ipse⁴
1822 580 2056 660 aetate,
2112 576 2294 641 cuius
2350 577 2701 641 auctoritas
2757 603 2782 644 5

341 665 659 746 tueretur,
717 662 1031 747 quidquid
1085 661 1247 727 illud
1300 666 1366 727 et
1422 664 1887 748 qualecumque
1942 665 2301 750 tribuisset3
2359 685 2431 729 ac
2485 668 2703 729 tamen

343 754 644 815 neutrum
683 750 850 814 datis
889 772 927 814 a
964 772 1031 815 se
1066 749 1370 835 praemiis
1409 754 1636 824 exuit..
1671 753 1844 817 bello
1878 756 1944 818 et
1969 753 2271 836 periculis
2307 757 2701 838 meruerant3

341 839 412 902 in
477 839 555 903 iis
621 839 791 902 enim
856 839 1116 903 iuventa
1169 838 1453 927 Augusti
1516 845 1771 906 versata
1829 846 1944 906 est.
2035 864 2154 908 nec
2216 841 2380 906 mihi
2442 841 2574 906 tela
2636 846 2701 906 et

340 947 569 990 manus
636 931 785 992 tuae
849 927 1202 992 defuissent
1267 930 1337 993 in
1401 930 1595 994 armis
1662 931 1905 1016 agenti:
1980 932 2091 994 sed
2162 931 2335 1015 quod
2395 952 2698 1014 praesens

341 1014 632 1080 condicio
686 1016 1019 1099 poscebat,
1079 1017 1328 1081 ratione
1383 1017 1654 1083 consilio
1708 1018 2066 1102 praeceptis
2121 1019 2494 1104 pueritiam,
2550 1020 2701 1083 dein
2728 1046 2780 1085 ιο

341 1104 667 1168 iuventam
712 1125 922 1168 meam
967 1104 1208 1170 fovisti.
1292 1109 1358 1169 et
1402 1109 1516 1170 tua
1562 1107 1821 1190 quidem
1868 1129 2022 1193 erga
2065 1130 2168 1172 me
2214 1113 2497 1192 munbra,
2544 1108 2697 1171 dum

340 1193 476 1256 vita
522 1196 838 1276 suppetet,
883 1196 1143 1257 aeterna
1187 1198 1401 1259 erunt:
1449 1215 1613 1278 quae
1659 1218 1698 1259 a
1740 1218 1844 1260 me
1888 1196 2105 1281 habes,
2150 1195 2326 1261 horti
2373 1200 2438 1260 et
2472 1196 2697 1261 faenus

341 1283 411 1344 et
445 1280 654 1365 villae,
701 1281 953 1345 casibus
990 1282 1273 1347 obnoxia
1309 1287 1476 1367 sunt.
1562 1306 1635 1347 ac
1680 1284 1834 1348 licet
1869 1284 2077 1348 multa
2110 1285 2466 1369 videantur,
2510 1285 2699 1368 pleri-

343 1390 466 1452 que
520 1369 1018 1453 haudquaquam
1073 1370 1320 1436 artibus
1375 1371 1507 1435 tuis
1561 1394 1749 1455 pares
1804 1372 1992 1455 plura
2044 1376 2406 1440 tenuerunt.
2497 1373 2698 1456 pudet

334 1457 576 1522 referre
603 1457 958 1542 libertinos,
998 1460 1110 1543 qui
1138 1458 1402 1524 ditiores
1430 1463 1826 1543 spectantur:
1862 1461 2033 1524 unde
2061 1461 2255 1525 etiam
2284 1461 2508 1525 rubori
2534 1461 2696 1525 mihi
2726 1487 2777 1527 15

339 1550 455 1630 est,
503 1547 675 1631 quod
717 1547 1100 1631 praecipuus
1147 1549 1413 1612 caritate
1456 1549 1746 1613 nondum
1793 1570 2015 1613 omnes
2052 1548 2315 1613 fortuna
2350 1550 2695 1614 antecellis.

515 1633 758 1699 Verum
805 1639 871 1700 et
913 1636 1037 1699 tibi
1081 1636 1296 1701 valida
1340 1640 1514 1701 aetas
1560 1637 1879 1720 rebusque
1926 1640 1991 1700 et
2031 1637 2273 1701 fructui
2309 1659 2524 1701 rerum
2562 1636 2692 1702 suf-
2710 1636 2796 1702 56

340 1723 588 1807 ficiens,
634 1728 700 1788 et
743 1744 861 1789 nos
906 1724 1116 1808 prima
1159 1725 1419 1812 imperii
1463 1725 1674 1808 spatia
1716 1724 2140 1812 ingredimur,
2194 1725 2322 1789 nisi
2366 1724 2536 1789 forte
2582 1729 2694 1788 aut

338 1814 404 1874 te
448 1811 717 1876 Vitellio
765 1816 864 1877 ter
910 1812 1161 1877 consuli
1206 1818 1318 1878 aut
1362 1835 1465 1877 me
1515 1812 1783 1879 Claudio
1838 1814 2177 1897 postponis
2234 1818 2324 1897 et,
2381 1817 2695 1896 quantum

339 1899 612 1964 Volusio
659 1900 856 1987 longa
899 1901 1297 1984 parsimonia
1343 1903 1688 1987 quaesivit,
1743 1906 1998 1967 tantum
2043 1902 2114 1966 in
2158 1906 2225 1965 te
2270 1923 2412 1965 mea
2466 1902 2696 1967 libera-

337 1987 491 2052 litas
536 1990 791 2074 explere
836 2011 968 2053 non
1013 1994 1247 2074 potest.
1333 1990 1508 2075 quin,
1562 1991 1617 2055 si
1664 2012 1792 2074 qua
1836 1992 1904 2054 in
1948 1995 2131 2074 parte
2174 1990 2498 2054 lubricum
2544 1992 2694 2054 adu·
2748 2017 2774 2057 5

343 2199 518 2255 bimus
544 2201 658 2255 uisi
686 2200 929 2266 beneficii
955 2200 1129 2254 alieni
1155 2202 1243 2269 (=
1271 2200 1387 2254 uisi
1422 2201 1569 2269 quod
1594 2201 1670 2254 sit
1697 2201 1746 2254 b.
1775 2201 1851 2269 a.)
1878 2199 1996 2252 und
2021 2199 2154 2253 Hor.
2187 2198 2241 2253 C.
2271 2205 2323 2268 4,
2346 2206 2396 2268 3,
2425 2205 2491 2252 21
2520 2206 2692 2255 totum

337 2272 579 2326 muneris
621 2272 720 2326 hoe
763 2272 942 2337 tui'st,
987 2271 1133 2340 quod
1168 2288 1221 2324 u.
1262 2288 1304 2324 s.
1343 2289 1410 2325 w,
1471 2273 1481 2339 Ι
1540 2276 1589 2324 3.
1636 2286 1751 2325 uon
1795 2277 2011 2325 tantum
2046 2302 2115 2310 —
2150 2271 2271 2337 sed,
2317 2268 2523 2324 aufstei
2566 2270 2692 2339 end,

339 2340 643 2413 steigernd,
680 2341 789 2413 vgl.
828 2340 974 2395 Einl.
1014 2347 1045 2408 ξ
1074 2346 1160 2396 67.
1209 2343 1219 2414 Ι
1269 2342 1546 2413 praevisa.
1611 2328 1764 2395 Uber
1801 2341 1911 2395 den
1948 2339 2245 2401 Gebrauch
2283 2341 2380 2395 des
2416 2340 2529 2394 Ver
2569 2358 2693 2394 ums

335 2430 380 2466 s.
410 2431 478 2467 zu
509 2420 594 2483 12,
613 2419 700 2482 40,
727 2419 811 2467 17.
846 2413 855 2484 Ι
885 2413 1072 2468 subita
1096 2414 1349 2482 expedire
1381 2414 1505 2466 ‘aus
1534 2413 1665 2466 dem
1692 2411 1945 2483 Stegreif
1965 2413 2178 2467 reden’.
2235 2413 2518 2482 Expedire
2548 2413 2694 2466 ‘ent-

340 2483 604 2538 wickeln’
634 2483 742 2539 wie
769 2490 818 2549 4,
853 2491 880 2537 1
919 2501 1069 2539 nume
1103 2485 1387 2555 originem,
1422 2497 1693 2539 mores’--
1718 2500 1787 2538 ex
1825 2484 2018 2538 ediam.
2072 2484 2080 2551 Ι
2132 2488 2180 2536 6.
2218 2489 2460 2540 tueretwr
2489 2483 2693 2537 ‘recht-

338 2554 612 2625 fertigte’.
678 2555 791 2610 Der
823 2553 960 2608 Sinn
996 2554 1096 2609 ist:
1135 2556 1424 2624 Augustus
1461 2554 1623 2609 hatte
1660 2553 1753 2608 die
1837 2552 2098 2608 inkunfte
2135 2552 2322 2607 seiner
2357 2553 2692 2623 Gfinstlinge

337 2625 652 2680 schmalern
688 2625 937 2693 konnen3
978 2625 1114 2680 aber
1150 2642 1211 2680 er
1245 2626 1348 2679 hat
1384 2641 1442 2679 es
1477 2624 1640 2679 nicht
1667 2626 1906 2695 gethan:
1941 2623 2049 2678 wie
2077 2623 2188 2678 viel
2220 2624 2468 2695 weniger
2505 2624 2691 2678 dfirfte

337 2695 432 2750 ich
469 2713 545 2752 es.
605 2699 613 2769 Ι
672 2698 943 2767 quidquid
978 2698 1149 2763 illud,
1184 2696 1443 2761 verkfirzt
1478 2698 1622 2750 statt
1658 2696 1927 2766 quidquid
1962 2696 2107 2750 illuct
2141 2701 2261 2750 erat
2298 2695 2455 2764 quod.
2531 2695 2583 2748 S.
2623 2713 2691 2749 zu

342 2774 426 2837 12,
457 2773 541 2836 36,
571 2774 602 2821 ὅ
633 2769 755 2838 quis
780 2769 888 2823 ille.
941 2769 950 2839 1
1001 2774 1086 2822 11.
1124 2784 1353 2823 munera
1378 2766 1495 2821 fast
1522 2793 1591 2812 =
1619 2768 1828 2822 merita.
1879 2769 1889 2835 Ι
1940 2772 2023 2820 12.
2060 2767 2195 2833 vita,
2230 2765 2480 2820 namlich
2510 2783 2643 2821 mea.
2678 2766 2686 2838 Ι

336 2846 642 2908 suppetere,
691 2839 751 2892 in
789 2838 1113 2893 demselben
1151 2838 1319 2892 Sinne
1355 2838 1729 2907 suppeditare:
1769 2843 1836 2891 15
1849 2881 1862 2906 ,
1905 2843 1967 2892 11
2008 2838 2175 2892 donec
2209 2838 2327 2891 vita
2360 2837 2689 2906 suppeditet3

336 2909 466 2964 hist.
500 2916 548 2980 1,
581 2916 609 2963 1
649 2911 843 2981 quodsi
876 2912 994 2965 vita
1025 2910 1346 2991 suppeditet.
1399 2913 1406 2979 Ι
1457 2915 1682 2964 aeterna
1720 2907 2184 2979 ‘unverganglich
2221 2908 2337 2961 und
2370 2906 2690 2979 unvergess-

338 2979 494 3034 lich’.
562 2980 636 3036 So
665 2981 774 3036 Cic.
803 2983 936 3051 post
969 2981 1084 3034 red.
1115 2998 1174 3034 111
1204 2995 1316 3034 sen.
1347 2986 1378 3046 ξ
1406 2985 1476 3033 34
1512 2981 1708 3051 quodsi
1742 2980 1879 3034 mihi
1914 2986 2190 3035 aeternam
2224 2995 2333 3034 esse
2369 2995 2691 3034 aerumnam

331 3053 672 3120 propositam
709 3053 1034 3120 arbitrarer,
1081 3058 1248 3107 morte
1282 3068 1366 3106 me
1391 3053 1516 3120 ‘ipse
1545 3052 1735 3120 potius
1774 3068 1938 3121 quam
1972 3051 2297 3131 sempiterno
2333 3051 2515 3105 dolore
2551 3050 2689 3103 mul-

338 3128 545 3177 tassem.
608 3125 616 3194 Ι
678 3129 760 3177 16.
809 3124 1120 3178 antecellere
1165 3121 1275 3176 mit
1318 3122 1448 3177 dem
1492 3120 1795 3176 Accusativ
1841 3121 1987 3175 auch
2030 3121 2162 3175 hist.
2202 3126 2260 3189 2,
2299 3127 2330 3174 3
2378 3121 2494 3173 und
2526 3137 2689 3189 prae-

338 3193 523 3248 cellere
559 3210 685 3247 ann.
717 3201 768 3263 2,
796 3200 884 3263 43,
923 3193 1047 3248 eine
1074 3193 1383 3275 Neuerung
1411 3193 1510 3246 der
1535 3191 1992 3262 poetisierenden
2016 3190 2315 3245 Prosaiker
2342 3191 2442 3244 der
2466 3190 2691 3245 Kaiser·

340 3263 453 3318 zeit
486 3264 594 3318 wie
630 3263 898 3335 Velleius,
936 3263 1182 3333 Tacitus,
1220 3264 1453 3319 Plimus.
1517 3263 1587 3317 H.
1615 3263 1685 3317 N.
1727 3268 1810 3332 19,
1841 3267 1892 3331 8,
1920 3267 1987 3316 41
2028 3261 2105 3316 ist
2142 3278 2308 3332 sogal·
2342 3263 2592 3317 excellere
2630 3278 2689 3316 so

342 3333 705 3390 konstruiert.
779 3336 1125 3390 Interessant
1161 3335 1261 3389 der
1297 3333 1618 3389 Gracismus
1655 3334 1796 3388 rhet.
1837 3333 1911 3387 ad
1946 3333 2075 3388 Her.
2118 3339 2148 3387 2
2186 3339 2217 3399 ξ
2244 3339 2313 3387 48
2352 3334 2428 3387 ad
2462 3333 2688 3400 inferio-

335 3422 437 3475 res,
476 3408 713 3532 Ψέἷίἶηῗ.
727 3407 1761 3543 Oxgusbufdggbgsessshffgdfflssuetui
1790 3474 1943 3528 ‘dem
1968 3473 2443 3528 wohlverdienten
2471 3474 2685 3555 Lohne’

336 3545 431 3599 fiir
467 3546 631 3602 deine
656 3547 1042 3603 Mfihewaltun
1087 3591 1097 3600 .
1149 3549 1158 3617 Ι
1209 3553 1257 3602 2.
1296 3548 1411 3602 uisi
1444 3547 1585 3614 forte
1621 3564 1675 3600 u.
1705 3563 1748 3599 s.
1776 3563 1843 3598 w.
1911 3545 2420 3615 Zusammenhang:
2460 3545 2536 3597 du
2572 3545 2691 3599 b1st

337 3617 485 3671 noch
527 3617 688 3672 nicht
732 3635 795 3674 so
831 3618 917 3673 alt
962 3637 1039 3672 un
1121 3615 1667 3688 leistungsunfahig,
1715 3614 1840 3670 dass
1876 3614 1971 3669 ich
2016 3615 2118 3670 das
2154 3615 2488 3669 Versaumte
2524 3616 2692 3684 (quod

337 3688 477 3741 mihi
509 3690 700 3744 rubori
734 3691 830 3760 est)
866 3689 1028 3744 nicht
1062 3688 1378 3743 nachholen
1414 3688 1643 3741 konnte.
1716 3686 1839 3741 Nur
1877 3685 2058 3740 darfst
2095 3686 2171 3739 du
2208 3684 2341 3739 dich
2385 3685 2502 3740 und
2536 3685 2690 3740 mich

338 3757 501 3812 nicht
532 3760 977 3815 unterschatzen.
1050 3760 1140 3814 Du
1175 3759 1386 3814 kannst
1429 3757 1561 3812 dich
1603 3757 1773 3828 ruhig
1819 3757 1948 3812 dem
1983 3755 2249 3812 Vitellius
2294 3756 2687 3827 gleichsetzen,

340 3828 541 3883 dessen
576 3830 908 3886 Verdienste
946 3830 1214 3886 Claudius
1249 3829 1356 3885 mit
1393 3828 1783 3898 dreimaligem
1815 3827 2128 3883 Konsulate
2163 3827 2387 3898 lohnte,
2425 3828 2542 3881 und
2578 3827 2688 3898 ich,

337 3916 568 4025 {zffi
581 3900 881 4028 ⁸333&
903 3903 1039 4028 (1ξὲ
1059 3901 1432 4028 Οέἓὲἓὲἰέ“
1456 3898 1866 4025 Rtsskffi‘iff.
1878 3898 2690 4039 ”zifftffiffaff‘a‘sssssssss’oe

338 4046 389 4094 3.
434 4042 504 4096 L.
544 4043 821 4113 Vitellius,
865 4043 1043 4100 Vater
1087 4044 1187 4099 des
1234 4012 1493 4113 spate’m
1537 4041 1793 4110 Kasara,
1846 4058 1964 4096 war
2010 4040 2102 4096 ein
2148 4040 2527 4095 Schmeichler
2572 4058 2650 4094 un

338 4111 644 4185 Giinstling
689 4115 789 4170 des
827 4114 1118 4183 Claudius,
1165 4114 1245 4168 im
1278 4115 1328 4169 J.
1366 4118 1434 4167 47
1483 4131 1611 4167 zum
1648 4112 1862 4167 dritten
1894 4112 2046 4167 Male
2080 4111 2312 4166 Konsul.
2372 4113 2381 4182 Ι
2438 4117 2489 4166 4.
2536 4097 2691 4164 Uber

336 4182 405 4238 L.
446 4184 730 4254 Volusius,
776 4185 856 4240 im
900 4186 948 4240 J.
989 4192 1057 4241 56
1143 4186 1426 4253 estorben,
1474 4202 1515 4238 s.
1566 4201 1635 4237 zu
1674 4189 1765 4252 13,
1805 4189 1889 4237 30.
1951 4185 1960 4253 Ι
2020 4188 2068 4237 5.
2116 4184 2328 4252 explere
2372 4181 2497 4236 ‘ein
2540 4181 2689 4235 Mass

337 4252 560 4324 ffflkm’,
595 4255 723 4311 hier
758 4258 877 4312 also
919 4256 1117 4313 ο611616
1157 4257 1267 4311 611’.
1343 4254 1455 4326 Vgl
1510 4254 1664 4309 Caes.
1703 4255 1764 4308 B.
1797 4253 1854 4308 C.
1893 4261 1952 4323 3,
1981 4260 2041 4322 4,
2072 4259 2104 4307 6
2142 4271 2287 4321 eum,
2325 4270 2480 4323 quem
2515 4268 2689 4321 supra

336 4326 840 4397 demonstravimus,
864 4346 1152 4384 ‘numerum
1177 4328 1496 4396 eoepleverat,
1524 4325 1691 4396 Verg.
1721 4325 1861 4379 Aen.
1892 4329 1941 4394 6,
1962 4329 2065 4378 545
2093 4325 2313 4395 explebo
2337 4341 2640 4379 numerum.
2676 4324 2684 4396 Ι

338 4395 622 4454 lubricum.
687 4399 911 4455 Ebenso
949 4406 1009 4469 6,
1044 4405 1113 4454 49
1162 4399 1431 4453 lubricum
1465 4398 1732 4453 iuventae.
1799 4395 1853 4450 S.
1891 4413 1961 4448 zu
1999 4400 2083 4464 13,
2115 4402 2146 4448 2
2194 4395 2407 4451 lubrica
2446 4401 2614 4451 aetas,
