3075 4800
1067 272 1284 326 LIBER
1319 271 1435 328 XV.
1493 271 1647 329 CAP.
1688 277 1914 328 65—68.
2590 276 2679 340 99

325 440 390 500 et
435 435 865 500 incendiarius
913 433 1228 498 extitisti?
1319 433 1461 516 ipsa
1507 435 1731 499 rettuli
1776 435 1998 519 verba,
2046 436 2198 519 quia
2241 457 2398 520 non,
2449 442 2524 502 ut
2571 437 2677 503 Se-

321 545 543 608 necae,
607 522 873 609 vulgata
927 525 1133 606 erant,
1197 543 1317 586 nec
1371 522 1585 587 minus
1641 523 1821 587 nosci
1882 524 2146 589 decebat
2199 524 2498 589 militaris
2552 526 2676 590 viri
2706 555 2769 594 ια

324 634 547 678 sensus
603 613 968 694 incomptos
1033 614 1098 673 et
1159 609 1423 674 validos.
1512 610 1681 675 nihil
1743 612 1812 675 in
1865 612 1978 676 illa
2033 612 2473 677 coniuratione
2537 635 2654 699 gra

322 703 466 765 vius
511 698 774 763 auribus
819 697 1099 763 Neronis
1146 698 1451 763 accidisse
1499 699 1809 784 constitit,
1857 701 1969 784 qui
2015 705 2090 765 ut
2132 701 2441 766 faciendis
2488 702 2681 767 scele-

323 788 503 852 ribus
538 789 897 871 promptus,
944 786 1038 850 ita
1073 786 1373 850 audiendi
1421 807 1584 871 quae
1628 788 1868 853 faceret
1904 789 2188 854 insolens
2226 794 2378 856 erat.
2470 813 2677 875 poena

322 876 505 939 Flavi
558 873 833 939 Veianio
887 873 1098 960 Nigro
1152 874 1425 939 tribuno·
1471 876 1829 940 mandatur.
1921 878 1976 942 is
2032 878 2326 962 proximo
2396 880 2466 943 in
2519 902 2675 966 agro

322 963 612 1029 scrobem
658 962 853 1027 effodi
897 963 1114 1046 iussit,
1172 984 1365 1045 quam
1421 964 1628 1028 visam
1673 963 1911 1028 Flavus
1965 970 2039 1031 ut
2093 966 2404 1032 humilem
2461 972 2526 1032 et
2572 991 2678 1033 an-
2705 995 2756 1036 15

323 1056 578 1137 gustam
624 1051 989 1136 increpans,
1044 1051 1612 1131 circumstantibus
1656 1052 2002 1140 militibus,
2056 1055 2167 1119 ‘ne
2211 1055 2336 1120 hoc
2382 1057 2675 1140 quidem'

323 1140 536 1224 inquit
591 1138 612 1169 ²
625 1162 702 1204 ex
761 1139 1142 1223 disciplina'.
1234 1139 1728 1224 admonitusque
1790 1142 2048 1206 fortiter
2109 1144 2489 1226 protendere
2550 1167 2687 1210 cer-

324 1227 556 1311 vicem',
614 1228 926 1293 ‘utinm'
984 1228 1075 1292 ait
1122 1228 1228 1291 ‘tu
1285 1232 1420 1291 tam
1473 1228 1733 1292 fortiter
1786 1230 2039 1294 feriasl'
2114 1235 2179 1296 et
2233 1232 2343 1296 ille
2397 1234 2687 1298 multum.

324 1322 622 1401 tremenS,
672 1339 817 1381 cum
854 1317 964 1380 vix
1002 1316 1252 1385 duobus
1292 1315 1531 1381 ictibus
1578 1320 1771 1401 caput
1817 1320 2295 1406 amputavisset,
2343 1322 2676 1386 saevitiam

325 1406 496 1489 apud
539 1404 865 1470 Neronem
915 1405 1207 1490 iactavit,
1261 1405 1673 1491 sesquiplaga
1728 1406 2135 1471 interfectum
2195 1430 2232 1471 a
2279 1430 2345 1473 se
2391 1410 2676 1474 dicend0.
2706 1438 2758 1478 20

499 1492 877 1558 Proximum
919 1492 1317 1557 constantiae
1364 1493 1731 1577 exemplum
1770 1492 2093 1578 Sulpicius
2130 1493 2339 1580 Asper
2385 1499 2676 1563 centurio
2698 1500 2782 1564 68

322 1581 650 1665 praebuit,
712 1581 1120 1665 percontanti
1173 1579 1447 1666 Neroni,
1513 1603 1627 1645 cur
1680 1582 1750 1645 in
1804 1583 2059 1648 caedem
2116 1606 2297 1649 suam
2356 1588 2678 1670 conspira-

323 1670 547 1753 visset,
612 1670 896 1734 breviter
957 1669 1351 1753 respondens
1419 1690 1554 1734 non
1607 1669 1794 1735 aliter
1855 1675 1958 1736 tot
2010 1672 2278 1761 flagitiis
2333 1674 2469 1738 eius
2534 1675 2678 1738 sub·

326 1757 531 1821 veniri
577 1757 884 1841 potuisse.
967 1762 1108 1824 tum
1155 1759 1395 1821 iussam
1441 1778 1716 1841 poenam
1763 1759 1978 1823 subiit.
2061 1782 2179 1825 nec
2225 1763 2419 1826 ceteri
2465 1767 2678 1826 centu-

321 1846 533 1910 riones
570 1847 659 1910 'in
714 1845 1150 1930 perpetiendis
1206 1845 1543 1929 suppliciis
1599 1846 2083 1935 degeneravere:
2140 1853 2209 1915 at
2261 1871 2393 1913 non
2439 1849 2677 1915 Faenio
2731 1877 2762 1919 5

322 1933 495 1998 Rufo
550 1951 668 2017 par
722 1934 975 1998 animus
985 1985 1003 2020 ,
1060 1934 1171 1998 sed
1223 1934 1717 2000 lamentationes
1774 1958 1919 2002 suas
1975 1937 2170 2002 etiam
2225 1938 2294 2002 in
2339 1943 2684 2004 testamen-

325 2026 465 2086 tum
511 2022 802 2087 contulit.

503 2109 971 2195 Opperiebatur
1013 2109 1217 2194 Nem,
1271 2114 1346 2175 ut
1390 2110 1701 2176 Vestinus
1749 2133 2001 2196 quoque
2048 2114 2272 2178 consul
2318 2114 2386 2178 in
2433 2115 2676 2179 crimen

324 2197 781 2284 attraheretur,
845 2198 1200 2263 violentum
1256 2203 1321 2264 et
1376 2199 1700 2263 infensum
1754 2203 1959 2265 ratus:
2026 2203 2136 2266 sed
2191 2225 2269 2267 ex
2325 2205 2677 2268 coniuratis

324 2287 594 2351 consilia
639 2309 785 2353 cum
830 2287 1104 2352 Vestino
1149 2309 1283 2351 non
1327 2288 1734 2371 miscuerant,
1786 2289 2045 2372 quidam
2091 2290 2365 2356 vetustis
2413 2292 2482 2355 in
2526 2314 2673 2356 eum
2704 2319 2760 2358 ιο

323 2375 788 2461 simultatibus,
850 2375 1094 2462 plures,
1160 2376 1314 2460 quia
1365 2375 1784 2461 praecipitem
1840 2381 1905 2442 et
1959 2378 2402 2444 insociabilem
2468 2381 2676 2445 crede-

321 2465 497 2530 bant.
572 2469 854 2530 ceterum
890 2463 1138 2531 Neroni
1184 2464 1402 2529 odium
1449 2465 1753 2530 adversus
1789 2464 2131 2532 Vestinum
2179 2489 2257 2532 ex
2299 2468 2531 2532 intima
2576 2491 2673 2533 so-

321 2552 586 2617 dalitate
625 2558 940 2637 coeperat,
988 2554 1140 2618 dum
1176 2551 1285 2617 hic
1321 2554 1647 2638 ignaviam
1691 2554 2004 2638 principis
2049 2556 2307 2639 penitus
2346 2557 2674 2642 cognitam

322 2641 622 2726 despicit,
676 2642 787 2706 ille
832 2642 1139 2706 ferociam
1186 2642 1376 2706 amici
1421 2643 1681 2726 metuit,
1745 2663 1932 2726 saepe
1988 2646 2229 2727 asperis
2285 2645 2536 2709 facetiis
2581 2646 2674 2709 in-

320 2730 518 2815 lusus,
566 2751 727 2815 quae
773 2730 887 2795 ubi
930 2730 1210 2794 multum
1258 2752 1336 2794 ex
1382 2752 1533 2794 vero
1581 2735 1852 2815 traxere,
1898 2753 2108 2796 acrem
2153 2733 2253 2797 sui
2297 2734 2673 2797 memoriam
2703 2760 2754 2801 15

320 2818 710 2901 relinquunt.
802 2822 1154 2884 accesserat
1207 2840 1437 2902 repens
1493 2840 1710 2903 causa,
1768 2820 1941 2903 quod
1984 2819 2294 2885 Vestinus
2350 2819 2673 2885 Statiliam

319 2905 734 2971 Messalinam
771 2907 1184 2970 matrimonio
1234 2907 1359 2971 sibi
1405 2907 1720 2991 iunxerat,
1766 2908 1939 2972 haud
1985 2909 2239 2974 nescius
2286 2910 2453 2974 inter
2498 2910 2673 2974 adul-

319 2997 494 3058 teros
542 2995 678 3059 eius
725 2998 790 3058 et
838 2993 1173 3060 Caesarem
1219 3017 1375 3060 esse.

502 3226 583 3274 11.
623 3222 929 3290 incomptus
961 3220 1376 3276 ‘schmucklos’.
1425 3220 1553 3291 Vgl.
1586 3220 1695 3276 Cic.
1727 3238 1806 3274 or.
1836 3226 1865 3286 ς
1895 3225 1961 3274 78
1989 3222 2069 3275 sic
2093 3222 2225 3278 haec
2250 3223 2467 3278 subtilis
2494 3227 2671 3281 oratio

321 3293 487 3346 etiam
523 3293 800 3360 incompta
837 3292 1075 3347 delectat.
1129 3294 1136 3361 Ι
1190 3298 1272 3345 13.
1309 3298 1593 3361 promptas
1626 3290 1733 3344 mit
1770 3291 1897 3344 dem
1928 3290 2097 3344 Dativ
2134 3292 2232 3345 des
2260 3291 2671 3350 Gerundivums

319 3361 464 3415 auch
505 3367 569 3416 12
585 3405 598 3431 ,
636 3368 671 3415 4
719 3362 1053 3430 accipiendis
1096 3363 1513 3431 suspicionibus.
1576 3363 1584 3432 Ι
1641 3362 1879 3417 insolens
1921 3360 2029 3415 mit
2075 3361 2203 3416 dem
2240 3362 2476 3419 Genetiv
2522 3384 2563 3422 s.
2603 3385 2670 3419 zu

319 3437 367 3501 6,
398 3437 483 3500 34,
511 3438 562 3486 4.
624 3435 633 3503 Ι
696 3439 777 3487 17.
818 3449 885 3488 ea:
920 3433 1219 3501 disciplina
1258 3432 1380 3485 ‘der
1417 3432 1691 3502 Ordnung
1726 3431 1959 3501 gemas&
1999 3432 2570 3505 vorschriftsmfflsig’.

459 3502 560 3557 68.
616 3509 665 3557 3.
712 3509 791 3558 tot
832 3504 1065 3575 flayitiis
1098 3504 1378 3558 subveniri
1417 3504 1505 3542 ‘—·
1546 3501 1927 3571 (ab)geholfen
1961 3502 2227 3557 werden'.
2301 3503 2427 3574 Vgl.
2470 3512 2560 3575 11,
2602 3513 2669 3561 26

316 3576 389 3642 fla
428 3574 546 3629 itiis
597 3575 905 3641 manifestis
958 3574 1262 3628 subsidium
1318 3574 1386 3628 ab
1441 3573 1685 3627 audacia
1730 3574 2025 3652 petendam
2083 3573 2100 3600 ‘
2113 3589 2329 3643 gegen
2382 3574 2668 3631 offenbare

319 3591 575 3697 Sogande
619 3649 807 3698 mi'isse
850 3660 985 3697 man
1028 3643 1183 3697 Hilfe
1229 3643 1324 3697 bei
1371 3644 1470 3697 der
1512 3642 1944 3710 Verwegenheit
1992 3643 2242 3699 suchen’.
2315 3631 2469 3699 Uber
2514 3646 2667 3701 diese

316 3714 432 3767 und
471 3713 733 3769 ahnliche
770 3715 870 3769 der
904 3714 1004 3770 lat.
1036 3714 1280 3784 Sprache
1317 3711 1754 3782 eigentfimliche
1781 3712 2156 3783 Wendungen
2193 3732 2234 3770 s,
2274 3732 2343 3767 zu
2371 3721 2421 3785 3,
2451 3722 2520 3771 24
2569 3723 2615 3771 1.
2652 3719 2660 3790 Ι

316 3790 364 3839 8.
406 3786 650 3854 opperiri
684 3784 789 3840 mit
824 3784 1146 3855 folgendem
1180 3791 1244 3839 at
1286 3782 1435 3837 nach
1469 3781 1750 3852 Analogie
1786 3799 1893 3838 von
1929 3791 2233 3852 exspectare
2271 3786 2443 3840 sehon
2478 3760 2664 3843 Plaut.

312 3854 517 3909 Bacch.
557 3861 686 3925 486,
723 3855 839 3910 Liv.
878 3862 973 3925 42,
1002 3860 1096 3924 48,
1129 3860 1212 3908 10.
1273 3856 1281 3922 Ι
1343 3859 1423 3909 10.
1463 3854 1697 3908 consilia
1741 3855 1957 3909 miscere
2004 3856 2147 3908 statt
2191 3872 2233 3911 c.
2272 3860 2667 3915 communicare

312 3925 419 3980 wie
457 3925 587 3981 hist.
628 3932 687 3995 2,
720 3933 777 3995 7,
814 3927 946 3997 Agr.
988 3932 1083 3994 383
1128 3925 1360 3980 consilia
1393 3926 1695 3979 sociaverat
1727 3923 1860 3978 hist.
1901 3930 1951 3992 2,
1982 3930 2065 3980 74.
2127 3926 2135 3996 Ι
2196 3932 2279 3981 11.
2311 3931 2667 3998 praeeipitem

318 3996 592 4067 ‘voreilig,
629 3997 1035 4051 unbesonnen’.
1089 3996 1096 4066 Ι
1149 4001 1230 4049 13.
1270 3982 1423 4048 Uber
1458 3996 1590 4050 dum
1625 3993 1733 4048 mit
1765 3993 2030 4048 kausaler
2065 3995 2402 4069 Bedeutung
2438 4017 2478 4053 s.
2517 3999 2662 4054 Einl.

313 4073 344 4133 ς
374 4072 458 4123 90.
511 4070 520 4137 Ι
573 4073 655 4122 15.
694 4075 909 4123 traxere
949 4068 1044 4121 ‘an
1086 4082 1378 4120 enommen
1413 4065 1617 4134 haben,
1658 4065 1993 4119 enthalten’.
2051 4065 2178 4136 Vgl.
2219 4073 2269 4135 6,
2299 4074 2367 4122 30
2401 4070 2562 4136 fidem
2599 4087 2665 4125 ex

312 4154 372 4192 eo
401 4140 708 4205 trahebant,
734 4137 917 4193 Germ.
938 4143 1008 4191 46
1037 4084 1227 4192 {eneti
1252 4136 1483 4191 maltum
1510 4153 1578 4191 ex
1604 4137 1843 4191 moribus
1865 4135 2293 4206 (Sarmatarum)
2313 4146 2615 4194 traxerunt.
2651 4141 2658 4211 Ι

316 4212 399 4264 16.
436 4226 628 4278 repens
675 4211 818 4263 statt
852 4225 1036 4264 recens
1079 4206 1225 4262 auch
1262 4211 1312 4275 6,
1343 4212 1399 4274 ’ῖς
1439 4211 1532 4274 11,
1573 4211 1642 4259 24
1688 4207 1805 4260 und
1840 4205 1970 4260 hist.
2009 4211 2071 4275 4,
2111 4212 2194 4262 25.
2257 4210 2265 4279 Ι
2324 4208 2551 4262 Statilia
2587 4209 2663 4263 ist

312 4278 620 4334 Urenkelin
669 4280 767 4332 des
818 4278 1077 4333 Statilius
1124 4277 1366 4346 Taurus,
1415 4276 1514 4329 der
1559 4279 1724 4329 unter
1758 4277 2048 4345 Augustus
2096 4277 2488 4348 Stadtpr‘afekt
2529 4297 2660 4335 war.

315 4355 367 4417 6,
397 4355 478 4404 11.
544 4349 710 4404 Nach
738 4350 866 4403 dem
893 4349 1048 4404 Tode
1076 4348 1176 4403 der
1201 4347 1481 4417 Poppaea,
1521 4347 1622 4401 der
1656 4346 1718 4399 in
1751 4345 2074 4400 demselben
2102 4347 2271 4403 Jahre
2299 4351 2409 4418 (65)
2438 4349 2661 4420 erfolgt,

308 4419 558 4474 heiratet
592 4420 743 4475 Nero
783 4419 878 4474 sie.

2166 4507 2234 4559 7*
