3075 4800
423 209 463 270 8
771 204 1121 261 CORNELII
1157 203 1398 259 TACITI
1433 204 1530 258 AB
1567 203 1888 259 EXCESSU
1927 203 2081 258 DIVI
2118 203 2436 259 AUGUSTI

425 369 683 433 vissent.
776 366 1273 451 pulcherrimam
1320 366 1610 450 alioquin
1656 371 1720 431 et
1765 362 2081 430 bonarum
2136 367 2373 430 artium
2419 366 2783 450 principem

372 484 396 524 5
427 456 702 521 sordidis
739 455 1117 520 ministeriis
1155 455 1428 540 foedari3
1473 477 1555 519 ne
1592 455 1785 519 fidem
1834 454 2092 539 quidem
2138 456 2455 539 integram
2502 477 2785 541 manere,

425 546 538 609 ubi
586 544 964 629 magnitudo
1013 548 1397 629 quaestuum
1445 546 1785 627 spectetur.
1879 543 2052 627 quod
2112 545 2168 607 si
2214 544 2283 607 in
2327 543 2569 608 nullius
2615 566 2783 609 mer-

425 634 643 698 cedem
689 634 951 719 negotia
986 637 1278 718 agantur,
1325 632 1630 716 pauciora
1667 633 1831 696 fore:
1875 653 2048 696 nunc
2084 632 2486 716 inimicitias,
2525 654 2785 698 accusa-

425 722 655 807 tioneS,
692 722 838 787 odia
866 725 930 786 et
968 722 1236 786 iniurias
1273 721 1497 806 foveri,
1535 725 1608 785 ut
1647 743 1775 805 quo
1814 721 2005 785 modo
2036 721 2134 785 vis
2161 721 2537 785 morborum
2569 724 2788 806 pretia

426 811 850 895 medentibuS,
889 812 981 875 sic
1008 810 1136 873 fori
1163 810 1344 874 tabes
1373 811 1712 893 pecuniam
1741 810 2068 874 advocatis
2105 810 2287 874 ferat.
2334 811 2786 874 meminissent

346 927 397 964 ιο
428 898 491 964 C.
540 898 780 985 Asinii,
839 899 925 963 M.
972 897 1309 962 Messallae
1353 920 1428 963 ac
1482 898 1913 963 recentiorum
1959 898 2254 963 Arruntii
2302 903 2366 962 et
2410 898 2783 963 Aesernini:

426 989 507 1053 ad
554 1010 805 1053 summa
850 990 1190 1071 provectos
1228 988 1601 1071 incorrupta
1636 988 1773 1052 vita
1819 990 1885 1051 et
1920 987 2236 1051 facundia.
2327 987 2483 1051 talia
2529 988 2787 1052 dicente

426 1076 686 1141 consule
745 1076 1108 1159 designatO,
1182 1076 1732 1141 consentientibus
1796 1076 1968 1159 aliie,
2033 1076 2380 1160 parabatur
2443 1076 2785 1161 sententia,

427 1187 553 1249 qua
598 1163 739 1249 lege
786 1164 1281 1248 repetundarum
1321 1169 1707 1249 tenerentur,
1754 1187 1900 1230 cum
1940 1163 2208 1229 Suillius
2254 1168 2319 1227 et
2358 1162 2787 1229 Cossutianus

427 1257 492 1316 et
538 1253 752 1337 ceteri,
800 1253 912 1337 qui
957 1275 1089 1317 non
1134 1254 1463 1337 iudicium,
1509 1255 1750 1338 quippe
1797 1254 1866 1317 in
1901 1253 2299 1337 manifestos,
2346 1252 2457 1318 sed
2503 1275 2781 1336 poenam

348 1366 398 1405 15
430 1343 630 1406 statui
677 1341 998 1426 videbant,
1045 1343 1529 1406 circumsistunt
1569 1341 1921 1425 Caesarem,
1967 1345 2115 1404 ante
2156 1346 2303 1410 ,acta
2349 1342 2783 1424 deprecantes.

366 1433 401 1494 7
602 1430 692 1494 Et
729 1434 1073 1514 postquam
1112 1431 1354 1513 adnuit,
1400 1431 1493 1493 ita
1531 1450 1718 1514 agere
1755 1429 2099 1512 incipiunt:
2147 1451 2338 1514 quem
2375 1430 2561 1493 illum
2598 1433 2787 1494 tanta

428 1519 729 1602 superbia
774 1541 937 1603 6886,
983 1523 1058 1583 ut
1103 1519 1548 1582 aeternitatem
1594 1519 1802 1582 famae
1860 1539 1972 1601 spe
2018 1519 2430 1602 praesumat?
2520 1519 2667 1583 usui
2714 1523 2787 1582 et

425 1607 616 1671 rebus
664 1607 1024 1670 subsidium
1061 1628 1458 1690 praeparare,
1504 1628 1585 1670 ne
1624 1606 1768 1690 quis
1806 1606 2027 1689 inopia
2063 1606 2521 1671 advocatorum
2557 1611 2786 1690 poten-

423 1695 600 1758 tibus
662 1695 979 1759 obnoxius
1041 1695 1142 1758 sit.
1247 1716 1454 1779 neque
1513 1699 1731 1759 tamen
1791 1694 2226 1778 eloquentiam
2287 1696 2572 1780 gratuito
2634 1717 2787 1760 con-

374 1810 397 1848 5
425 1784 700 1868 tingere:
749 1784 965 1847 omitti
1012 1804 1196 1846 curas
1243 1782 1613 1881 familiageS,
1659 1786 1734 1846 ut
1780 1783 1925 1867 quis
1973 1805 2040 1847 86
2088 1783 2313 1846 alienis
2361 1785 2642 1868 negotiis
2689 1785 2785 1847 in-

426 1964 473 2014 9.
505 1959 835 2014 medentibus
864 1959 997 2012 ‘den
1022 1946 1272 2026 Arzten’,
1303 1975 1344 2010 8.
1365 1957 2012 2026 Naegelsbach-Mffller:
2045 1957 2199 2012 Stil.⁸
2216 1975 2268 2026 p.
2302 1963 2421 2012 138.
2456 1960 2464 2028 Ι
2494 1959 2608 2025 fori
2633 1959 2789 2014 tabes

423 2029 829 2085 Processsucht.
866 2033 873 2101 Ι
908 2035 992 2083 10.
1020 2028 1250 2082 Asinius
1278 2027 1459 2082 Pollio
1497 2028 1614 2081 und
1640 2027 1879 2082 Mesalla
1907 2027 2174 2082 Corvinus
2213 2028 2340 2081 sind
2373 2029 2458 2083 oft
2495 2029 2785 2083 erwahnte

423 2101 777 2156 bedeutende
804 2101 1029 2156 Redner
1065 2103 1229 2154 unter
1255 2100 1613 2222 Augustus}
1653 2098 1967 2168 ArruntiuS,
2010 2103 2174 2154 unter
2209 2098 2467 2152 Tiberius
2503 2099 2648 2153 hoch
2686 2115 2782 2169 ge-

427 2172 644 2240 achtet,
691 2189 810 2225 war
860 2172 941 2225 im
977 2172 1024 2225 J.
1075 2177 1140 2224 37
1191 2171 1367 2224 durch
1413 2170 1539 2224 eine
1609 2169 1783 2223 rivole
1818 2171 2081 2239 Anklage
2128 2188 2254 2223 zum
2302 2169 2649 2224 Selbstmord
2685 2186 2784 2250 ge-

424 2241 660 2298 trieben.
747 2242 798 2295 S.
831 2249 889 2310 6,
936 2248 1022 2295 48.
1084 2243 1092 2312 Ι
1150 2242 1453 2296 Marcellus
1509 2240 1849 2295 Aeserninus
1900 2240 1977 2294 ist
2033 2239 2126 2294 ein
2171 2240 2353 2294 Enkel
2409 2241 2506 2294 des
2553 2240 2785 2294 Asimus

424 2311 620 2366 Pollio.
656 2315 665 2380 Ι
700 2317 782 2365 13.
822 2311 1186 2367 Cossutianus
1225 2311 1425 2381 Capito
1458 2311 1601 2365 wird
1639 2313 1828 2380 spater
1860 2327 2057 2381 wegen
2085 2311 2437 2382 Erpressung
2473 2311 2785 2380 verurteilt,

429 2384 641 2438 kommt
678 2382 814 2437 aber
848 2383 1056 2438 wieder
1092 2382 1153 2436 in
1191 2383 1301 2437 den
1340 2383 1512 2438 Senat
1548 2383 1664 2437 und
1700 2381 1831 2437 tritt
1864 2381 1970 2437 mit
2007 2382 2203 2454 Erfolg
2242 2382 2326 2437 als
2354 2382 2646 2453 Anklager
2682 2383 2784 2436 des

426 2455 675 2508 Thrasea
721 2455 842 2523 auf,
889 2455 1069 2509 woffir
1114 2471 1176 2508 er
1219 2454 1498 2524 glanzend
1533 2453 1771 2509 belohnt
1805 2454 1947 2508 wird
2000 2457 2106 2523 (16,
2145 2457 2251 2524 33).
2303 2459 2311 2523 Ι
2359 2460 2669 2509 tenerentur
2705 2471 2781 2509 sc.

427 2526 521 2579 die
558 2540 743 2595 gegen
771 2525 862 2579 die
897 2525 990 2579 lex
1017 2525 1212 2580 Cincia
1238 2525 1556 2580 fehlenden.
1591 2526 1599 2597 Ι
1635 2532 1717 2580 14.
1756 2527 2075 2593 manifestos
2099 2542 2209 2579 von
2236 2526 2516 2579 Personen
2556 2524 2789 2579 absolut

426 2596 740 2667 gebraucht
760 2597 904 2650 auch
930 2596 1061 2651 hist.
1091 2602 1143 2664 4,
1164 2601 1233 2649 40
1262 2597 1612 2663 manifestum
1638 2614 1807 2664 reum,
1833 2597 1993 2650 nicht
2010 2596 2105 2651 bei
2131 2596 2473 2651 Klassikern.
2508 2598 2515 2665 1
2552 2601 2633 2649 15.
2657 2602 2788 2651 ante

427 2674 551 2723 acta
588 2670 683 2737 (sc.
722 2686 758 2722 a
794 2671 868 2737 se)
905 2669 1274 2736 deprecantes,
1288 2669 1506 2737 ‘wegen
1540 2666 1691 2722 ihres
1727 2668 2038 2722 Vorlebens
2074 2685 2171 2721 um
2209 2667 2404 2721 Gnade
2440 2665 2707 2720 bittend’.

611 2741 665 2795 7.
733 2745 779 2792 1.
820 2755 973 2807 quem
1008 2739 1168 2792 illum
1203 2745 1362 2794 tanta
1396 2739 1655 2807 superbia
1691 2756 1800 2794 esse
1828 2766 1896 2785 =
1925 2757 2080 2809 quem
2115 2741 2275 2794 illum
2319 2755 2428 2793 6886
2465 2737 2561 2806 qui
2597 2739 2659 2805 (s.
2695 2740 2786 2805 12,

426 2813 517 2880 36)
549 2812 656 2865 ‘wo
684 2810 833 2879 gabe
872 2825 930 2863 es
960 2807 1123 2863 einen
1150 2828 1203 2864 u.
1235 2827 1275 2865 s.
1306 2811 1396 2864 w.'
1434 2811 1441 2882 Ι
1475 2815 1522 2865 2.
1553 2817 1712 2865 tanta
1738 2812 1997 2881 superbia
2023 2811 2083 2864 in
2120 2813 2314 2880 gutem
2343 2808 2481 2863 Sinn
2521 2808 2605 2861 ‘so
2636 2806 2782 2860 stolz

427 2881 478 2935 d.
508 2882 563 2935 h.
603 2881 851 2935 erhaben
886 2879 1047 2948 (tiber
1085 2881 1185 2935 das
1221 2880 1507 2953 Irdische),
1546 2882 1913 2952 hochherzig,
1949 2882 2101 2936 ideal
2136 2880 2457 2951 gerichtet’,
2494 2878 2605 2949 vgl.
2644 2876 2781 2932 hist.

427 2957 476 3017 3,
517 2957 584 3006 66
621 2968 720 3004 nec
755 2957 967 3005 tantam
1006 2952 1341 3023 Vespasiano
1376 2954 1716 3022 superbiam,
1751 2960 1816 3007 ut
1851 2954 2139 3021 privatum
2175 2952 2454 3006 Vitellium
2482 2955 2788 3020 pateretur,

424 3021 556 3077 Hor.
596 3038 762 3075 carm.
794 3027 853 3090 3,
891 3027 986 3091 30,
1026 3028 1093 3076 14
1137 3041 1284 3079 sume
1336 3024 1648 3092 superbiam
1693 3024 1994 3090 quaesitam
2037 3022 2244 3074 meritis
2289 3022 2393 3088 (wo
2431 3019 2655 3073 freilich
2692 3036 2784 3074 su·

419 3094 671 3162 perbiam
704 3092 897 3147 besser
935 3093 1015 3147 im
1051 3094 1366 3150 konkreten
1403 3093 1591 3160 Sinne,
1628 3091 1929 3144 immerhin
1964 3090 2102 3142 aber
2136 3088 2196 3140 in
2234 3091 2430 3142 bonam
2458 3097 2677 3156 partem
2714 3108 2786 3143 zu

424 3163 616 3216 fassen
650 3162 764 3224 ist.)
838 3162 895 3219 Z.
928 3170 994 3218 10
1032 3184 1291 3237 maynum
1324 3166 1572 3218 animum
1607 3162 1853 3214 induisse
1880 3186 1947 3206 =
1976 3159 2287 3226 superbiam
2322 3158 2581 3211 induisse.
2635 3160 2643 3226 Ι
2692 3176 2790 3228 spe

418 3241 742 3303 praesumat
777 3234 887 3305 vgl.
924 3236 1092 3306 Verg.
1130 3237 1268 3290 Aen.
1301 3240 1384 3302 11,
1426 3238 1492 3285 18
1531 3232 1736 3285 animis
1772 3237 1822 3284 et
1857 3246 1950 3298 spe
1976 3229 2310 3298 praesumite
2348 3228 2557 3283 bellum.
2602 3230 2610 3297 Ι
2654 3234 2788 3285 usui

427 3312 476 3359 et
511 3307 671 3360 rebus
700 3306 814 3360 ‘ffir
841 3306 932 3360 die
958 3307 1194 3376 notigen
1220 3301 1585 3358 Bedfirfnisse
1623 3300 1735 3381 <die
1761 3299 2056 3364 Notdurft)
2085 3298 2183 3352 des
2211 3298 2470 3354 Lebens’.
2543 3317 2628 3355 res
2656 3300 2785 3355 sind

428 3375 520 3429 die
557 3376 667 3430 Din
709 3394 756 3446 e,
792 3376 900 3431 wie
956 3376 1037 3430 sie
1083 3375 1233 3429 sind:
1285 3373 1399 3425 ‘die
1435 3370 1855 3439 Wirklichkeit,
1894 3370 1996 3424 das
2042 3369 2272 3425 Leben’.
2329 3374 2337 3440 Ι
2389 3376 2437 3424 3.
2476 3373 2786 3427 subsidium

430 3447 651 3501 ‘Rfickh
712 3452 754 3517 t,
792 3445 1240 3501 Reservefonds’.
1294 3446 1302 3512 Ι
1343 3458 1686 3510 praeparare
1735 3441 1866 3512 (vgl.
1897 3443 2314 3512 praesumere).
2389 3442 2503 3496 Das
2543 3442 2788 3511 Subjekt

425 3517 503 3572 ist
539 3519 754 3589 gem'ass
804 3517 959 3572 einer
1004 3515 1147 3568 auch
1192 3530 1298 3566 uns
1345 3512 1663 3582 gel'aufigen
1699 3512 2072 3583 Brachylogie
2120 3529 2221 3567 aus
2276 3514 2375 3567 der
2419 3514 2650 3584 negativ
2686 3530 2784 3584 ge-

425 3589 674 3644 meinten
718 3590 900 3656 Frage
947 3602 1102 3654 quem
1145 3585 1305 3638 illum
1350 3586 1440 3655 (=
1466 3584 1755 3652 neminem)
1802 3602 1870 3637 zu
1916 3584 2279 3654 entnehmen‚
2332 3585 2442 3655 vgl.
2489 3584 2620 3640 hist.
2663 3591 2710 3653 1,
2751 3591 2779 3636 1

425 3661 518 3714 sed
553 3661 930 3727 incorruptam
955 3656 1115 3722 fidem
1142 3656 1407 3724 professis
1440 3672 1611 3725 neque
1648 3672 1829 3711 amore
1864 3658 2153 3726 quisquam
2197 3663 2247 3711 et
2281 3658 2399 3712 sine
2439 3657 2566 3711 odio
2602 3657 2782 3710 dicen-

426 3731 533 3785 dus
568 3738 643 3784 est
680 3732 775 3799 (sc.
816 3728 1084 3796 quisque),
1138 3733 1187 3795 2,
1226 3732 1294 3780 52
1331 3744 1486 3782 nemo
1515 3728 1784 3796 privatim
1819 3729 2068 3797 eaepedito
2104 3730 2358 3795 consiliO,
2406 3729 2551 3783 inter
2587 3727 2785 3781 multos

426 3801 675 3857 societate
719 3799 912 3867 culpae
960 3799 1132 3853 tutior
1174 3798 1290 3851 und
1336 3797 1428 3853 die
1471 3798 1799 3852 bekannten
1835 3799 2009 3854 Verse
2060 3800 2159 3854 des
2194 3800 2378 3854 Horaz
2415 3803 2598 3869 (serm.
2640 3803 2687 3865 1,
2728 3799 2782 3866 1)

427 3873 523 3943 qui
557 3874 638 3939 fit,
677 3871 998 3935 Maecenas,
1042 3876 1106 3925 ut
1138 3885 1317 3938 neme,
1365 3887 1528 3939 quam
1573 3870 1681 3923 sibi
1725 3877 1919 3927 sortem
1963 3889 2058 3927 seu
2101 3873 2249 3926 ratio
2286 3871 2494 3925 dederit
2537 3886 2632 3923 seu
2665 3870 2784 3935 fors

427 3943 693 4008 obiecerit,
720 3941 823 3995 illa
850 3947 1130 3996 contentus
1147 3942 1313 4007 vivat,
1343 3942 1530 3996 laudet
1556 3941 1773 3995 diversa
1800 3950 2074 4012 sequentes
2101 3941 2217 3995 und
2247 3959 2287 3996 8.
2312 3938 2782 4009 Seyffert-Mfifler

427 4032 496 4067 zu
523 4012 674 4067 Lael.
707 4017 790 4081 18,
820 4017 888 4066 59
927 4030 983 4081 p.
1022 4017 1142 4066 387.
1176 4016 1185 4083 Ι
1216 4014 1410 4081 inopia
1448 4013 1834 4068 advocatorum
1869 4014 2031 4068 nicht
2068 4015 2214 4067 etwa
2245 4012 2368 4065 ‘der
2395 4009 2626 4079 Mangel
2664 4010 2781 4077 an’,

428 4085 669 4141 sondern
701 4084 823 4137 ‘der
839 4083 1070 4154 Mangel
1097 4082 1211 4154 ((116
1238 4082 1681 4153 Bedfirftigkeit)
1710 4084 1809 4137 der
1825 4083 2202 4139 Advokaten'.
2237 4086 2246 4152 Ι
2279 4088 2329 4136 4.
2351 4089 2534 4137 tamen
2568 4080 2782 4149 ‘jeden-

426 4156 576 4224 falls,
612 4154 975 4224 wenigstens’
1018 4171 1079 4209 so
1116 4154 1217 4222 oft,
1256 4172 1297 4208 s.
1336 4154 1542 4208 Muller
1577 4172 1646 4207 zu
1684 4155 1754 4208 (16
1792 4154 1883 4208 off.
1915 4161 1963 4224 1,
2005 4159 2088 4222 17,
2128 4160 2196 4207 55
2242 4154 2387 4207 illud
2432 4154 2577 4206 enim
2621 4152 2782 4205 hone-

425 4235 584 4296 stum,
614 4228 778 4281 etiam
814 4228 864 4280 si
889 4228 952 4279 in
980 4227 1092 4280 alio
1119 4227 1407 4291 cernimus,
1434 4232 1617 4280 tamen
1643 4241 1743 4278 nos
1770 4233 1956 4292 movet,
1999 4223 2153 4279 Caes
2184 4224 2239 4278 b.
2268 4241 2322 4292 g.
2355 4228 2403 4290 1,
2433 4228 2519 4291 32,
2547 4228 2582 4275 4
2611 4238 2779 4290 prop-

424 4306 571 4354 terea
608 4300 752 4368 quod
794 4298 1022 4367 reliquis
1056 4303 1238 4352 tamen
1272 4297 1442 4367 fuyae
1476 4297 1719 4363 facultas
1755 4297 1996 4362 daretur,
2042 4294 2314 4362 Sequanis
2347 4309 2472 4348 vero
2508 4336 2518 4347 .
2552 4335 2563 4346 .
2603 4309 2784 4347 omnes

425 4371 705 4427 cruciatus
740 4376 911 4425 essent
937 4369 1268 4439 perferendi.
1304 4370 1312 4436 Ι
1345 4372 1394 4421 ὅ.
1433 4374 1496 4421 ut
1534 4367 1657 4435 quis
1690 4366 1884 4435 haufig
1910 4365 1970 4418 in
1999 4365 2107 4417 den
2136 4363 2392 4417 Annalen
2418 4363 2509 4416 fiir
2544 4369 2609 4418 ut
2636 4365 2782 4431 quis·
