3075 4800
438 245 525 308 30
788 243 1136 298 CORNELII
1170 243 1411 296 TACITI
1447 243 1544 296 AB
1581 242 1902 298 EXCESSU
1937 241 2092 297 D1V1
2128 242 2444 297 AUGUSTI

436 407 738 490 pervicit,
784 407 939 489 quin
988 427 1296 489 suspensa
1341 409 1423 489 et,
1471 426 1600 488 quo
1648 405 2046 488 ducerentur,
2093 405 2481 468 inclinatura
2524 427 2798 489 respon-

437 496 616 559 deret
659 490 1094 578 'exemploque
1149 495 1286 557 eius
1333 493 1582 578 Largus
1631 491 1900 557 Caecina
1954 496 2261 557 uteretur.
2353 496 2419 556 et
2471 494 2601 557 iam
2649 499 2802 558 erat

437 585 505 647 in
552 587 815 667 aspectu
860 582 1205 646 Messalina
1249 581 1749 663 clamitabatque
1796 581 2046 645 audiret
2083 579 2385 645 Octaviae
2432 586 2497 646 et
2532 581 2793 647 Britan-

437 672 569 736 nici
614 675 913 754 matrem,
970 691 1117 734 cum
1164 670 1534 753 obstrepere
1581 671 1940 754 accusator,
1998 668 2230 734 Silium
2277 674 2343 734 et
2386 671 2648 754 nuptias
2694 693 2795 736 re-

368 787 420 824 10
438 761 676 845 ferens3
732 758 925 823 simul
980 758 1311 822 codicillos
1365 759 1714 822 libidinum
1769 758 2012 822 indices
2068 758 2361 842 tradidit,
2418 760 2563 841 quis
2610 760 2794 823 visus

441 847 730 912 Caesaris
786 850 1118 912 averteret.
1208 868 1325 911 nec
1380 847 1588 911 multo
1643 850 1795 930 post
1852 847 2077 911 urbem
2133 847 2522 931 ingredienti
2569 847 2796 912 offere-

440 936 671 1000 bantur
727 958 1097 1000 communes
1152 935 1370 1019 liberi,
1422 936 1553 999 nisi
1598 934 1942 999 Narcissus
1989 937 2274 998 amoveri
2321 957 2430 999 eos
2477 936 2793 1000 iussisset.

436 1024 767 1089 Vibidiam
815 1024 1132 1108 depellere
1176 1025 1487 1108 nequivit,
1535 1025 1694 1107 quin
1738 1022 1945 1087 multa
1982 1044 2128 1087 cum
2166 1024 2409 1087 invidia
2444 1024 2790 1108 flagitaret,

437 1135 518 1177 ne
568 1113 901 1178 indefensa
945 1114 1226 1176 coniunx
1272 1113 1471 1177 exitio
1520 1113 1796 1176 daretur.
1890 1112 2093 1198 igitur
2138 1112 2509 1175 auditurum
2555 1113 2792 1196 princi-

369 1227 418 1268 15
436 1224 586 1286 pem
623 1206 688 1265 et
725 1202 864 1265 fore
901 1201 1207 1284 diluendi·
1225 1202 1511 1265 criminis
1550 1201 1925 1265 facultatem
1961 1200 2322 1284 respondit:
2368 1201 2492 1264 iret
2529 1201 2790 1265 interim

332 1379 417 1443 35
440 1293 1656 1442 VlrgOMii‘usiZmiantgsspfizzzmdflentium
1705 1376 1957 1460 Claudi,
2014 1376 2322 1441 Vitellius
2370 1377 2597 1462 ignaro
2643 1400 2794 1461 pro-

438 1468 607 1551 pior:
647 1467 864 1531 omnia
899 1467 1136 1532 liberto
1166 1467 1610 1531 oboediebant.
1676 1467 1967 1549 patefieri
1996 1466 2260 1529 domum
2289 1465 2566 1529 adulteri
2595 1469 2791 1550 atque

438 1555 593 1619 illuc
629 1555 855 1619 deduci
893 1556 1346 1639 imperatorem
1375 1555 1571 1618 iubet.
1647 1576 1720 1618 ac
1747 1555 2030 1638 primum
2059 1555 2128 1617 in
2154 1554 2475 1618 vestibulo
2504 1554 2790 1639 effigiem

438 1645 641 1728 patris
680 1643 826 1708 Silii
863 1644 1158 1708 consulto
1198 1648 1454 1707 senatus
1492 1643 1804 1707 abolitam
1841 1642 2258 1727 demonstrat,
2296 1645 2436 1706 tum
2475 1643 2793 1728 quidquid

396 1760 419 1799 5
440 1734 687 1797 avitum
723 1732 1093 1797 Neronibus
1141 1736 1206 1796 et
1240 1732 1472 1795 Drusis
1519 1733 1587 1795 in
1632 1732 1913 1814 pretium
1951 1732 2174 1814 probri
2213 1732 2495 1796 cessisse.
2578 1733 2790 1796 incen-

439 1843 707 1903 sumque
755 1825 819 1885 et
856 1820 937 1883 ad
972 1822 1180 1884 minas
1219 1824 1658 1904 erumpentem
1697 1820 1924 1884 castris
1961 1820 2177 1905 infert,
2220 1824 2451 1903 parata
2487 1822 2789 1884 contione

438 1909 748 1993 militum3
804 1909 976 1992 apud
1036 1931 1197 1992 quos
1250 1912 1708 1993 praemonente
1754 1907 2059 1974 Narcisso
2118 1930 2322 1991 pauca
2367 1909 2563 1972 verba
2607 1909 2789 1973 fecit:

436 2020 586 2061 nam
633 1999 754 2061 etsi
800 1999 1042 2061 iustum
1090 1998 1377 2062 dolorem
1422 1998 1633 2080 pudor
1679 1997 2084 2080 impediebat.
2169 1997 2511 2060 continuus
2559 1996 2791 2060 dehinc

439 2086 803 2151 cohortium
865 2087 1108 2150 clamor
1153 2087 1416 2150 nomina
1459 2108 1718 2149 reorum
1765 2089 1830 2149 et
1875 2107 2114 2169 poenas
2159 2086 2629 2169 flagitantium3
2684 2084 2789 2148 ad-

369 2203 420 2242 10
437 2179 782 2257 motusque
828 2173 1027 2239 Silius
1073 2175 1384 2239 tribunali
1429 2196 1561 2238 non
1600 2174 2054 2257 defensionem,
2100 2195 2232 2237 non
2267 2195 2482 2237 moras
2518 2176 2792 2257 tempta-

439 2266 560 2349 vit,
614 2267 911 2347 precatus
919 2314 936 2346 ,
991 2268 1067 2327 ut
1112 2285 1287 2327 mors
1333 2263 1817 2326 adceleraretur.
1910 2262 2130 2326 eadem
2178 2262 2542 2326 constantia
2586 2266 2651 2326 et
2695 2263 2789 2325 in-

438 2353 673 2417 lustres
720 2353 968 2437 equites
1006 2351 1284 2417 Romani
1331 2351 1593 2436 [cupido
1641 2354 1931 2415 maturae
1974 2352 2151 2416 necis
2188 2349 2360 2438 fuit}
2443 2355 2508 2415 et
2543 2350 2788 2415 Titium

439 2440 805 2525 Proculum,
852 2442 1182 2505 custodem
1229 2462 1266 2503 a
1306 2439 1465 2504 Silio
1502 2439 1885 2503 Messalinae
1932 2439 2152 2504 datum
2190 2444 2253 2504 et
2291 2439 2602 2504 indicium
2640 2441 2789 2504 offe-

443 2532 719 2612 rentem,
774 2527 1072 2592 Vettium
1126 2530 1460 2593 Valentem
1518 2529 1879 2592 confessum
1937 2531 2002 2590 et
2045 2526 2426 2611 Pompeium
2471 2528 2789 2594 Urbicum

373 2644 423 2683 15
444 2638 517 2680 ac
575 2616 905 2680 Saufeium
959 2617 1247 2701 Trogum
1313 2640 1392 2682 ex
1462 2616 1735 2681 consciis
1791 2616 1961 2680 tradi
2014 2616 2095 2678 ad
2150 2616 2538 2700 supplicium
2592 2618 2789 2682 iubet.

438 2844 547 2915 vgl.
584 2844 700 2899 Liv.
730 2850 790 2913 4,
820 2850 968 2926 44,2
1015 2862 1113 2899 nec
1148 2851 1389 2914 potestas
1431 2846 1626 2899 horam
1670 2844 1874 2909 valuit,
1920 2844 2057 2927 qaia
2092 2845 2453 2925 praeferrent.
2506 2843 2514 2914 Ι
2567 2849 2613 2897 9.
2664 2860 2789 2897 cum

438 2918 744 2984 obstrepere.
813 2915 865 2970 S.
895 2915 1040 2969 Eml.
1070 2922 1100 2980 ξ
1130 2921 1214 2969 92.
1249 2924 1256 2985 1
1292 2921 1374 2969 11.
1414 2916 1781 2982 offerebantwr
1816 2945 1885 2954 —
1920 2932 2048 2969 nisi.
2123 2915 2252 2985 Vgl.
2290 2914 2437 2969 Eml.
2468 2920 2499 2979 ξ
2529 2919 2656 2982 103,
2689 2920 2735 2968 1.
2776 2913 2784 2986 Ι

440 2993 523 3039 13.
553 2988 770 3041 invidia
798 2985 1154 3053 ‘Vorwsirfe’,
1183 2986 1293 3069 vgl.
1327 2992 1413 3055 15,
1440 2992 1505 3040 19
1534 3002 1740 3067 mayna
1766 3003 1888 3040 cum
1913 2986 2134 3040 invidia
2159 2993 2409 3040 senatum
2437 2986 2644 3039 adeant
2660 3001 2714 3037 u.
2738 3001 2787 3041 a.
2901 3041 2926 3056 x

617 3056 717 3111 35.
776 3062 822 3111 1.
871 3058 1069 3128 iynaro
1097 3073 1331 3126 propior
1370 3057 1551 3111 ‘mehr
1588 3072 1772 3111 emem
1809 3054 2063 3125 ahnlich‚
2112 3056 2212 3110 der
2246 3072 2354 3110 von
2389 3055 2576 3109 nichts
2615 3057 2790 3109 etwas

437 3127 635 3182 weiss’.
679 3130 686 3196 Ι
728 3133 777 3182 4.
822 3127 935 3182 Der
988 3127 1160 3182 Vater
1216 3128 1313 3181 des
1361 3126 1531 3182 Silius
1587 3144 1705 3180 war
1757 3127 1836 3180 im
1879 3127 1930 3181 J.
1978 3133 2047 3180 24
2101 3144 2208 3180 von
2255 3126 2426 3196 Sejan
2480 3125 2793 3196 angeklagt

437 3198 555 3251 und
609 3216 736 3251 zum
782 3197 1132 3253 Selbstmord
1176 3197 1483 3269 gettieben.
1528 3201 1536 3266 Ι
1577 3198 1683 3251 Die
1729 3196 2193 3267 ungewohnliche
2240 3196 2500 3267 Stellung
2544 3198 2792 3252 consulto

437 3276 658 3324 senatus
692 3269 796 3322 hat
832 3269 976 3322 auch
1002 3269 1200 3322 Florus
1229 3276 1280 3337 3,
1310 3275 1394 3338 21,
1427 3275 1456 3323 7
1487 3270 1605 3322 und
1634 3276 1682 3323 8.
1718 3270 1726 3338 Ι
1759 3274 1807 3323 5.
1838 3269 2156 3323 Neronibus
2182 3274 2234 3322 et
2257 3268 2484 3334 Drusis,
2521 3266 2791 3322 Claudius

438 3340 515 3393 ist
559 3338 741 3394 Enkel
796 3339 893 3394 des
941 3340 1025 3396 Ti.
1074 3339 1340 3393 Claudius
1386 3341 1563 3405 Ner0,
1618 3340 1820 3394 dessen
1866 3338 2164 3392 Gemahlin
2210 3337 2371 3392 Livia
2425 3341 2639 3408 (spater
2682 3338 2791 3392 Ge-

437 3409 654 3464 mahlin
708 3410 805 3464 des
852 3410 1164 3480 Augustus)
1221 3410 1346 3464 eine
1391 3411 1636 3465 Tochter
1680 3411 1778 3465 des
1823 3410 1898 3464 M.
1945 3408 2138 3464 Livius
2183 3409 2397 3463 Drusus
2445 3408 2790 3465 Claudianus

439 3497 570 3535 war.
606 3483 613 3549 Ι
647 3482 709 3534 in
738 3481 980 3549 pretium
1006 3483 1205 3550 probri
1239 3483 1470 3550 cessisse,
1505 3480 1614 3536 wie
1650 3481 1782 3535 hist.
1815 3487 1842 3534 1
1895 3487 1958 3534 11
1990 3481 2313 3549 provinciae
2350 3513 2417 3521 —
2455 3481 2519 3533 in
2547 3482 2792 3549 pretium

440 3552 566 3605 belli
610 3568 855 3605 cesswrae
901 3559 1060 3607 erant
1106 3551 1222 3606 ‘die
1258 3552 1564 3606 Provinzen
1610 3568 1799 3606 waren
1842 3525 2134 3606 bestimmt
2180 3551 2263 3605 als
2300 3549 2658 3621 Kampfpreis
2696 3567 2790 3603 zu-

440 3620 726 3689 zufallen',
758 3620 826 3675 cf.
858 3638 984 3677 ann.
1009 3629 1094 3692 15,
1116 3628 1183 3677 45
1203 3625 1366 3693 inque
1385 3641 1503 3678 eam
1516 3624 1787 3693 praedam
1805 3625 1968 3676 etiam
1986 3623 2048 3675 di
2066 3638 2277 3677 cessere.
2299 3622 2306 3695 Ι
2327 3628 2375 3677 7.
2387 3628 2791 3691 praemonente,

439 3691 799 3746 aoristisches
844 3692 1092 3763 Partizip
1140 3697 1282 3748 statt
1326 3694 1479 3748 eines
1524 3692 1920 3761 Prateritums,
1966 3692 2073 3746 wie
2114 3698 2205 3762 12,
2237 3699 2305 3747 69
2351 3700 2596 3747 moriente
2622 3709 2787 3761 prae·

437 3765 591 3831 fecte,
630 3769 714 3831 12,
745 3768 814 3816 48
850 3780 1168 3834 coynosce‘ns
1194 3766 1482 3833 proditum
1518 3765 1905 3818 Mithridatem
1940 3770 2095 3817 vocat
2130 3765 2418 3818 consiliam
2456 3781 2509 3817 u.
2540 3779 2589 3816 a.
2658 3761 2788 3832 Vgl.

441 3833 550 3888 Cic.
596 3850 697 3902 pro
744 3833 864 3905 Lig.
915 3841 946 3887 3
959 3878 972 3903 ,
1020 3841 1049 3888 7
1109 3854 1145 3889 a
1200 3851 1305 3905 qao
1357 3837 1456 3890 hoc
1507 3836 1627 3904 ipso
1676 3834 1732 3889 Ο.
1773 3836 1966 3889 Pansa
2020 3836 2156 3888 mihi
2199 3835 2458 3889 auaritiam
2488 3834 2791 3902 perferente

438 3920 711 3959 concessos
753 3906 929 3971 fasces
974 3908 1247 3961 laureatos
1290 3908 1467 3971 tenui,
1512 3906 1668 3958 Brut.
1697 3911 1768 3959 48
1781 3949 1794 3974 ‚
1828 3909 1931 3958 180
1976 3921 2081 3974 quo
2126 3912 2415 3960 accusante
2462 3906 2527 3958 P.
2568 3903 2792 3959 Sextias

438 3976 738 4030 damnatas
772 3983 850 4031 est
883 3978 1137 4043 ambitus,
1176 3976 1308 4030 Sall.
1338 3977 1464 4046 Jug.
1497 3981 1599 4028 113
1636 3978 1767 4030 haec
1797 3976 2040 4030 Maums
2073 3992 2252 4030 secum
2286 3977 2401 4045 ipse
2437 3977 2538 4029 dia
2573 3975 2791 4029 volvens

441 4046 661 4100 tandem
691 4048 962 4114 promisit.
1036 4047 1198 4100 Auch
1233 4046 1328 4100 bei
1362 4045 1560 4127 Vergil
1596 4048 1662 4115 (z.
1692 4047 1753 4100 B.
1792 4047 1929 4101 Aen.
1963 4051 2011 4114 1,
2041 4051 2145 4100 305
2181 4048 2416 4116 volveris)
2453 4045 2571 4099 und
2597 4044 2789 4098 Livius

440 4119 507 4239 {a
536 4117 598 4170 B.
629 4122 715 4185 27,
745 4123 829 4185 43,
862 4123 893 4170 3
931 4118 1318 4186 implicantes),
1364 4133 1532 4171 sow1e
1569 4116 1649 4170 im
1686 4116 2084 4171 Griechischen
2122 4119 2186 4186 (z.
2215 4117 2279 4171 B.
2317 4117 2491 4172 Thuc.
2522 4123 2571 4185 2,
2603 4122 2633 4169 2
2671 4123 2791 4177 τοῖς

467 4185 842 4257 παγομένοις).
887 4189 895 4260 Ι
935 4187 1230 4241 Narcissus
1283 4187 1409 4242 h'alt
1463 4187 1585 4242 also
1634 4188 1759 4242 eine
1802 4188 1972 4241 kurze
2020 4187 2344 4257 Ansprache
2392 4205 2464 4241 an
2515 4186 2608 4241 die
2652 4186 2789 4240 Pra—

439 4257 716 4326 torianer,
755 4258 907 4311 dann
946 4257 1045 4310 der
1081 4257 1295 4312 Kaiser.
1330 4262 1339 4326 Ι
1374 4264 1455 4312 12.
1493 4246 1647 4312 Uber
1684 4258 1786 4311 das
1825 4257 2166 4327 explikative
2202 4266 2253 4314 et
2289 4278 2330 4313 s.
2370 4276 2438 4311 zu
2476 4264 2526 4326 3,
2556 4263 2642 4325 38,
2683 4263 2730 4310 1.
2776 4256 2786 4328 Ι

439 4315 592 4382 Uber
637 4328 824 4381 Titius
868 4328 986 4380 und
1036 4327 1261 4382 Vettius
1308 4346 1348 4382 s,
1397 4346 1466 4381 zu
1500 4330 1588 4382 Ka
1631 4335 1757 4383 .30.
1831 4328 1936 4382 Die
1980 4328 2246 4399 iibrigen,
2295 4329 2388 4382 die
2434 4345 2527 4382 am
2565 4326 2788 4381 Schlufs

441 4398 539 4452 des
559 4398 701 4468 Kap.
734 4399 988 4452 erwahnt
1014 4398 1254 4467 werden,
1283 4398 1408 4452 sind
1426 4348 1872 4453 nichtxbekannt.
1891 4398 1902 4472 Ι
1922 4404 2005 4454 15.
2025 4400 2178 4454 tradi
2195 4398 2374 4469 (nicht
2391 4400 2560 4467 trahi)
2581 4415 2654 4452 sc.
2677 4397 2790 4451 den

1849 4511 1864 4524 Ι
