3075 4800
445 214 531 277 96
793 212 1143 268 CORNELII
1179 212 1419 267 TACITI
1453 212 1551 266 AB
1588 212 1910 268 EXCESSU
1946 213 2100 267 DIVI
2134 213 2452 268 AUGUSTI

445 377 641 440 verba
695 376 1100 460 impatientia
1153 376 1440 440 caritatis
1496 375 1842 458 aliquando
1898 376 2180 460 incauta,
2236 377 2347 440 sed
2403 398 2477 441 ea
2528 378 2801 442 crimina

448 466 761 547 obiciant,
826 465 1059 548 quibus
1113 465 1240 528 nisi
1295 486 1333 527 a
1388 464 1523 527 filio
1581 463 1829 528 absolvi
1884 485 2017 528 non
2069 465 2352 547 possim.’
2457 468 2800 532 commotis

449 554 560 638 qui
623 554 888 617 aderant
949 552 1254 635 ultroque
1320 552 1586 636 spiritus
1650 553 1788 616 eius
1847 553 2326 638 mitigantibus,
2382 554 2801 638 conloquium

375 668 428 707 25
448 643 569 706 filii
615 641 930 724 exposcit,
987 641 1099 704 ubi
1143 640 1311 704 nihil
1354 662 1474 723 pro
1521 641 1905 725 innocentia,
1952 642 2137 725 quasi
2182 640 2522 727 diffideret,
2566 665 2686 708 nec
2731 645 2804 708 de

447 729 799 812 beneficiis,
859 729 1044 812 quasi
1101 730 1544 813 exprobraret,
1599 730 1927 814 disseruit,
1983 730 2094 794 sed
2148 729 2462 794 ultionem
2522 732 2592 796 in
2636 732 2804 796 dela-

449 823 621 884 tores
667 822 732 882 et
775 819 1062 901 praemia
1107 819 1331 883 amicis
1380 819 1680 883 obtinuit.

341 909 429 971 22
624 906 1037 971 Praefectura
1099 929 1388 971 annonae
1442 906 1682 971 Faenio
1739 907 1937 991 Rufo,
2001 928 2154 971 cura
2207 906 2534 992 ludorum,
2600 910 2711 992 qui
2765 932 2804 973 a

450 995 716 1059 Caesare
779 996 1200 1079 parabantur,
1263 992 1578 1060 Arruntio
1645 994 1883 1060 Stellae
1891 1047 1908 1079 ,
1972 994 2312 1081 Aegyptus
2370 994 2463 1060 Ti.
2519 997 2801 1061 Balbillo

445 1085 926 1167 permittuntur.
1014 1083 1202 1148 Suria
1245 1084 1317 1147 P.
1363 1083 1602 1148 Anteio
1654 1084 1998 1168 destinata,
2055 1085 2166 1148 sed
2210 1084 2405 1147 variis
2449 1106 2602 1149 mox
2648 1087 2802 1150 arti-

448 1172 569 1236 bus
633 1172 876 1255 elusus,
941 1173 1022 1236 ad
1085 1176 1484 1256 postremum
1550 1173 1620 1236 in
1683 1173 1841 1236 urbe
1899 1176 2187 1237 retentus
2244 1177 2356 1236 est.
2459 1177 2527 1237 at
2583 1173 2802 1239 Silana

403 1288 428 1325 ε»
449 1262 519 1325 in
575 1261 840 1324 exilium
896 1265 1065 1345 acta3
1132 1260 1448 1325 Calvisius
1507 1282 1765 1344 quoque
1821 1263 1887 1323 et
1939 1258 2182 1325 Iturius
2236 1260 2621 1347 relegantur.
2725 1263 2802 1327 de

445 1348 735 1413 Atimeto
784 1349 1172 1433 supplicium
1211 1353 1560 1433 sumptum,
1605 1349 1915 1413 validiore
1952 1350 2122 1432 apud
2157 1349 2456 1413 libidines
2492 1351 2803 1435 principis

447 1437 695 1522 Paride,
747 1460 941 1521 quam
987 1442 1062 1502 ut
1105 1460 1314 1521 poena
1358 1439 1754 1503 adficeretur.
1835 1437 2106 1501 Plautus
2154 1438 2234 1501 ad
2277 1460 2580 1521 praesens
2618 1439 2801 1503 silen-

449 1527 542 1590 tio
589 1526 1005 1591 transmissus
1052 1531 1166 1591 est.

342 1615 428 1679 23
627 1615 1023 1679 Deferuntur
1077 1616 1308 1679 dehinc
1362 1615 1761 1679 consensisse
1814 1614 2030 1678 Pallas
2086 1635 2161 1679 ac
2205 1613 2477 1700 B'urrus,
2533 1619 2606 1678 ut
2653 1614 2804 1679 Cor-

447 1704 656 1768 nelius
715 1703 895 1769 Sulla
950 1704 1332 1768 claritudine
1388 1704 1641 1789 generis
1697 1708 1763 1768 et
1818 1704 2148 1767 adfinitate
2197 1702 2476 1789 Claudii,
2531 1705 2635 1769 cui
2688 1725 2804 1787 per

448 1794 708 1876 nuptias
753 1791 1076 1856 Antoniae
1121 1814 1317 1878 gener
1363 1796 1517 1875 erat,
1563 1793 1645 1856 ad
1689 1793 2031 1875 imperium
2078 1796 2431 1857 vocaretur.
2524 1794 2659 1856 eius
2704 1813 2804 1858 ac-

450 1882 799 1945 cusationis
847 1885 1073 1945 auctor
1117 1882 1335 1945 extitit
1379 1880 1617 1944 Paetus
1665 1881 1952 1964 quidam,
2004 1881 2372 1945 exercendis
2419 1882 2588 1964 apud
2632 1902 2804 1945 aera-

404 1997 430 2036 5
449 1970 619 2032 rium
687 1970 1078 2033 sectionibus
1142 1969 1430 2033 famosus
1495 1973 1562 2033 et
1625 1973 1765 2033 tum
1832 1970 2136 2034 vanitatis
2191 1970 2585 2034 manifestus.
2684 1991 2803 2035 nec

450 2062 584 2121 tam
661 2062 846 2144 grata
908 2056 1223 2122 Pallantis
1297 2058 1665 2122 innocentia
1738 2080 1931 2141 quam
2007 2059 2222 2144 gravis
2290 2058 2589 2141 superbia
2649 2058 2803 2123 fuit:

451 2146 690 2229 quippe
734 2147 1084 2210 nominatis
1132 2147 1382 2210 libertis
1429 2147 1594 2230 eius,
1650 2168 1812 2229 quos
1860 2148 2151 2211 conscios
2196 2147 2491 2230 haberet,
2544 2169 2804 2230 respon-

451 2236 547 2299 dit
608 2235 774 2298 nihil
837 2257 1145 2318 umquam
1210 2257 1277 2299 se
1342 2236 1517 2298 domi
1570 2235 1699 2299 nisi
1753 2239 1920 2299 nutu
1973 2240 2086 2299 aut
2141 2258 2336 2299 manu
2392 2236 2803 2321 significasse,

450 2323 553 2387 vel
600 2325 654 2387 si
700 2324 888 2408 plura
933 2324 1427 2388 demonstranda
1473 2327 1703 2408 essent,
1750 2324 1990 2409 scripto
2028 2346 2234 2408 usum,
2278 2346 2380 2388 ne·
2396 2344 2617 2388 vocem
2656 2345 2803 2388 con-

379 2442 432 2482 10
452 2414 739 2477 sociaret.
829 2413 1076 2477 Burrus
1134 2415 1426 2497 quamvis
1481 2435 1629 2477 reus
1686 2414 1856 2478 inter
1901 2415 2141 2479 iudices
2189 2415 2572 2478 sententiam
2617 2414 2800 2478 dixit.

448 2677 821 2745 wnnsquisqae
861 2693 916 2730 se
960 2691 1075 2730 non
1119 2692 1315 2745 eorpus
1359 2693 1546 2743 saum,
1592 2677 1685 2730 sed
1730 2677 2010 2746 eoniuyem
2054 2693 2121 2729 ae
2166 2677 2359 2730 liberos
2388 2693 2595 2745 parvos
2630 2677 2805 2731 armis

443 2754 722 2817 proteyere
758 2753 931 2815 patet.
979 2748 987 2816 Ι
1034 2752 1118 2799 22.
1168 2748 1516 2815 impatientia
1562 2748 1814 2801 caritatis
1853 2746 1934 2798 ‘in
1971 2746 2071 2799 der
2107 2746 2411 2815 Ungeduld
2447 2747 2547 2801 der
2582 2746 2799 2801 Liebe’.

449 2817 554 2871 Die
600 2817 962 2871 Mutterliebe
1016 2817 1276 2871 wfinscht
1330 2816 1456 2871 eine
1512 2817 1929 2871 vollkommene
1983 2815 2169 2870 ideale
2215 2816 2650 2887 Entwickelung
2705 2819 2805 2872 des

456 2888 670 2942 Sohnes
706 2888 823 2941 und
859 2887 1003 2942 wird
1039 2887 1406 2957 ungeduldig,
1444 2887 1681 2955 reizbar,
1718 2886 2048 2956 verstimmt,
2084 2903 2250 2941 wenn
2278 2886 2373 2941 die
2400 2888 2806 2943 Wirklichkeit

452 2959 583 3013 dem
610 2961 956 3013 ertr'aumten
983 2959 1174 3013 Ideale
1201 2958 1363 3012 nicht
1390 2961 1514 3012 ents
1555 2957 1717 3012 richt.
1778 2964 1863 3013 24.
1893 2960 2123 3039 spiritus
2149 2957 2551 3029 ‘Aufwallung‚
2582 2959 2766 3014 Zorn'.
2793 2961 2800 3032 Ι

454 3035 539 3084 26.
578 3029 688 3083 Mit
723 3031 787 3084 in
821 3029 900 3085 ist
936 3029 1015 3083 im
1050 3029 1356 3100 folgenden
1395 3030 1494 3084 der
1515 2977 1703 3083 1I’Dativ
1781 3028 2105 3098 oordmiert,
2145 3046 2186 3084 s.
2226 3047 2294 3082 zu
2335 3036 2418 3097 12,
2451 3035 2532 3082 55.

630 3099 729 3155 22.
789 3107 833 3154 1.
881 3100 1125 3154 Faenius
1172 3100 1377 3168 Rufus,
1423 3100 1570 3154 nach
1617 3100 1747 3154 dem
1783 3099 1938 3153 Tode
1985 3099 2085 3154 des
2121 3099 2329 3153 Burrus
2375 3100 2455 3154 im
2490 3100 2537 3155 J.
2572 3106 2638 3154 62
2678 3116 2806 3154 zum

449 3170 860 3226 Befehlshaber
915 3172 1015 3225 der
1067 3170 1427 3226 Pratorianer
1482 3171 1747 3239 ernannt,
1801 3170 2147 3224 verschwort
2203 3170 2324 3225 sich
2381 3173 2571 3240 sp'ater
2621 3187 2806 3252 gegen

451 3241 602 3296 Nero
638 3241 754 3295 und
790 3242 933 3296 wird
971 3247 1037 3295 65
1076 3242 1173 3295 hin
1217 3241 1468 3296 erichtet.
1504 3245 1512 3311 Ι
1546 3248 1594 3296 2.
1625 3240 1942 3309 Arruntius,
1982 3244 2138 3295 sonst
2172 3242 2517 3310 unbekannt,
2555 3241 2632 3294 ist
2667 3241 2807 3295 nel-

452 3312 630 3366 leicht
673 3312 774 3367 der
806 3313 983 3367 Vater
1029 3313 1128 3367 des
1216 3313 1424 3367 ichters
1461 3312 1521 3367 L.
1559 3311 1858 3366 Arruntius
1897 3311 2099 3379 Stella,
2148 3312 2247 3365 der
2290 3311 2386 3366 bei
2423 3311 2638 3367 Statius
2686 3312 2806 3365 und

450 3383 684 3437 Martial
727 3384 1055 3439 vorkommt.
1103 3385 1111 3455 Ι
1157 3383 1437 3438 Balbillus
1482 3384 1586 3437 hat
1629 3383 1787 3455 nach·
1816 3383 2053 3451 Seneca,
2111 3383 2211 3437 der
2258 3381 2448 3436 seinen
2495 3383 2808 3437 Charakter

451 3453 570 3508 und
607 3453 759 3508 seine
788 3454 1038 3525 Bildung
1072 3455 1213 3522 lobt,
1252 3454 1344 3509 ein
1371 3455 1548 3510 Werk
1582 3455 1723 3508 fiber
1748 3444 2014 3525 Agypten
2049 3452 2431 3523 geschrieben.
2498 3453 2551 3509 S.
2586 3456 2804 3523 quaest.

449 3527 568 3580 nat.
598 3531 650 3593 4,
680 3531 730 3593 2,
762 3531 845 3581 12.
880 3527 887 3594 Ι
921 3531 970 3581 3.
1009 3525 1249 3595 Antejus
1284 3525 1428 3580 wird
1463 3525 1544 3578 im
1579 3525 1629 3580 J.
1659 3531 1726 3579 66
1768 3526 1865 3579 des
1892 3524 2302 3579 Hochverrates
2341 3524 2654 3606 angeklagt
2687 3525 2807 3578 und

450 3597 600 3651 totet
637 3595 770 3652 sich.
817 3603 824 3665 Ι
868 3603 915 3652 6.
952 3598 1247 3663 validiore,
1284 3615 1327 3652 s.
1367 3615 1435 3650 zu
1472 3596 1613 3665 Kap.
1646 3602 1728 3651 18.
1773 3596 1781 3668 Ι
1822 3598 1976 3666 apud
2012 3594 2161 3665 folgt
2195 3595 2342 3649 nach
2379 3595 2657 3665 Analogie
2693 3613 2804 3651 von

451 3669 683 3724 maltum
719 3669 895 3723 valere
932 3669 1085 3737 apud
1122 3669 1372 3738 aliquem.
1415 3669 1423 3737 Ι
1467 3668 1722 3722 libidines
1749 3668 2028 3737 principis
2063 3666 2142 3720 ist
2177 3667 2364 3721 Abstr.
2402 3683 2505 3735 pro
2544 3669 2803 3721 concreto

453 3741 598 3793 statt
624 3741 936 3808 pm'neipem
972 3740 1341 3794 libidinosam.
1376 3742 1385 3808 Ι
1421 3744 1469 3793 7.
1505 3740 1722 3794 silentio
1758 3740 2146 3805 transmittere,
2194 3755 2235 3791 s.
2275 3755 2344 3790 zu
2382 3743 2432 3806 1,
2463 3743 2547 3806 13,
2580 3743 2662 3792 18.

633 3808 732 3864 28.
791 3816 836 3864 1.
885 3811 1208 3876 deferantwr
1252 3810 1605 3878 consensisse,
1654 3827 1695 3864 s.
1745 3827 1812 3862 zu
1851 3816 1910 3878 2,
1939 3815 2036 3877 27,
2065 3816 2116 3864 2.
2162 3810 2171 3879 Ι
2220 3815 2268 3864 2.
2307 3796 2461 3862 Uber
2498 3807 2655 3863 Sulla
2690 3807 2804 3878 vgl.

455 3896 523 3931 zu
571 3885 664 3947 12,
705 3884 787 3934 52.
831 3883 840 3949 Ι
872 3881 1213 3952 planitudine
1258 3881 1375 3933 und
1421 3881 1711 3948 adfinitate
1758 3880 1885 3934 sind
1925 3880 2160 3934 kausale
2196 3878 2461 3934 Ablative
2499 3879 2597 3932 des
2634 3878 2808 3932 Mass*

458 3950 648 4003 stabes
688 3950 857 4004 ‘nach
892 3951 1188 4022 Massgabe
1225 3952 1376 4019 von’,
1415 3968 1456 4006 s.
1497 3969 1566 4004 zu
1605 3958 1656 4019 6,
1684 3958 1771 4019 42,
1802 3958 1849 4005 3.
1884 3954 1892 4021 Ι
1925 3959 1973 4007 ὅ.
2012 3953 2354 4007 sectionibus,
2419 3949 2496 4002 Er
2530 3966 2650 4004 war
2686 3948 2805 4003 also

456 4019 548 4073 ein
583 4027 753 4076 sector
790 4020 841 4074 d.
871 4021 926 4076 h.
965 4021 1057 4076 ein
1093 4021 1307 4076 Kaufer
1342 4021 1729 4076 konflszierter
1765 4021 1954 4078 Gfiter.
2028 4022 2156 4093 Vgl.
2197 4021 2373 4076 Gaius
2398 4022 2534 4075 Inst.
2564 4027 2600 4074 4
2638 4026 2670 4086 ἓ
2703 4026 2805 4074 146

453 4098 679 4146 sectores
706 4099 970 4148 vocantwr
995 4094 1093 4162 qai
1102 4094 1331 4162 publica
1351 4095 1495 4148 bona
1514 4100 1842 4148 mercantur.
1898 4092 2269 4162 Dergleichen
2289 4091 2592 4147 Geschafte
2612 4091 2807 4162 galten

453 4162 546 4215 ffir
598 4162 986 4232 unanstandig
1039 4164 1157 4217 und
1201 4163 1421 4218 hiessen
1468 4164 1637 4234 (nach
1683 4164 2013 4234 Mommsen)
2061 4164 2297 4217 deshalb
2342 4165 2624 4230 sectiones,
2677 4162 2808 4216 weil

455 4234 556 4287 der
581 4232 794 4286 Kaufer
829 4233 921 4287 fiir
953 4234 1341 4289 verschuldete
1369 4235 1547 4289 Giiter
1581 4253 1679 4288 um
1716 4251 1776 4288 so
1812 4233 2059 4314 weniger
2093 4235 2212 4303 bot,
2252 4234 2370 4288 also
2401 4234 2492 4288 die
2522 4232 2806 4288 Sehulden

459 4302 812 4372 ‘abschnitt',
858 4322 973 4358 was
1021 4305 1112 4359 die
1151 4305 1461 4376 Glaubiger
1495 4323 1603 4358 nur
1641 4305 1793 4358 damn
1829 4305 2164 4359 verhindern
2200 4305 2451 4359 konnten
2465 4349 2478 4373 ,
2523 4322 2687 4359 wenn
2725 4302 2806 4357 sie

456 4374 635 4429 selbst
679 4374 767 4428 bis
814 4393 912 4428 zur
946 4376 1108 4431 Hohe
1145 4375 1296 4430 ihrer
1332 4376 1733 4445 Forderungen
1767 4375 2062 4430 mitboten.
2105 4380 2113 4446 Ι
2153 4364 2306 4430 Uber
2341 4377 2664 4444 manifestas
2699 4373 2809 4428 mit
