3075 4800
1049 268 1265 323 LIBER
1300 266 1443 321 XVT.
1509 265 1663 321 CAP.
1693 271 1920 319 21—23.
2533 236 2661 328 119

308 436 554 517 tantur,
610 431 805 517 rigidi
860 434 925 495 et
977 430 1222 511 tristes,
1280 450 1408 512 quo
1464 428 1588 491 tibi
1638 427 1966 492 lasciviam
2012 426 2416 511 exprobrent.
2506 426 2660 491 huic

309 521 421 585 uni
475 521 883 586 incolumitas
940 522 1053 581 tua
1106 518 1243 581 sine
1297 537 1476 596 ewra,
1542 520 1713 580 artes
1778 517 1914 580 sine
1968 514 2229 580 honore.
2318 536 2658 598 prosperas
2688 538 2740 579 15

309 608 621 692 principis
666 628 768 671 res
823 607 1096 689 spernit:
1151 605 1428 670 etiamne
1472 604 1756 670 luctibus
1811 608 1876 669 et
1922 604 2253 668 doloribus
2296 624 2430 667 non
2473 604 2660 668 satia-

308 698 464 761 tur‘?
537 694 821 761 eiusdem
876 694 1075 758 animi
1128 697 1225 758 est
1269 692 1636 777 Poppaeam
1693 693 1904 757 divam
1958 714 2091 756 non
2144 692 2423 775 credere,
2477 692 2659 757 cuius

310 784 380 847 in
413 787 558 848 acta
592 784 727 847 divi
761 780 1045 867 Augusti
1091 786 1158 847 et
1194 781 1327 846 divi
1363 780 1490 846 Iuli
1532 804 1667 847 non
1710 783 1937 845 iurare.
2012 781 2259 865 spernit
2297 780 2660 865 religionen,

310 872 582 959 abrogat
625 871 818 957 leges.
893 869 1123 934 diurna
1166 870 1393 954 populi
1436 869 1715 934 Romani
1760 892 1876 953 per
1910 870 2292 953 provinciaS,
2335 890 2452 953 per
2487 889 2662 932 exer-

307 960 477 1024 citus
525 960 808 1024 curatius
853 958 1176 1045 leguntur,
1219 963 1297 1023 ut
1338 963 1670 1042 noscatur,
1717 959 1871 1043 quid
1917 957 2200 1022 Thrasea
2240 980 2376 1022 non
2417 957 2659 1022 fecerit.
2687 980 2741 1020 so

309 1052 420 1111 aut
477 1052 877 1112 transeamus
942 1047 1023 1111 ad
1087 1047 1201 1111 illa
1256 1048 1581 1130 instituta,
1647 1048 1704 1111 si
1757 1046 2012 1130 potiora
2075 1051 2255 1130 sunt,
2318 1049 2431 1110 aut
2489 1068 2661 1111 nova

303 1137 716 1219 cupientibus
773 1136 1101 1201 auferatur
1154 1135 1285 1200 dux
1339 1141 1404 1201 et
1459 1140 1699 1200 auctor.
1791 1137 1916 1200 ista
1961 1138 2135 1199 secta
2179 1135 2547 1199 Tuberones
2594 1138 2659 1198 et

303 1223 650 1309 Favonios,
706 1225 908 1290 veteri
964 1246 1219 1309 quoque
1273 1224 1368 1289 rei
1411 1225 1707 1308 publicae
1762 1223 2018 1308 ingrata
2071 1224 2362 1307 nomina,
2416 1224 2657 1308 genuit.

305 1317 381 1376 ut
433 1314 775 1397 imperium
832 1317 1150 1397 evertant,
1211 1313 1581 1378 libertatem
1643 1311 2038 1396 praeferunt:
2103 1313 2160 1375 si
2214 1312 2657 1395 perverterint,

304 1401 670 1467 libertatem
729 1403 937 1485 ipsam
993 1401 1461 1487 adgredientur.
1553 1401 1796 1465 frustra
1851 1398 2141 1465 Cassium
2207 1401 2534 1483 amovisti,
2601 1400 2656 1464 si
2685 1420 2738 1461 2⁵

305 1489 574 1573 gliscere
639 1494 703 1555 et
765 1491 983 1573 vigere
1046 1490 1399 1554 Brutorum
1473 1490 1759 1554 aemulos
1831 1510 2138 1572 passurus
2207 1509 2292 1552 es.
2383 1488 2657 1572 denique

301 1577 469 1641 nihil
513 1577 652 1662 ipse
699 1577 775 1642 de
822 1576 1105 1642 Thrasea
1155 1579 1513 1662 scripseris:
1569 1579 2063 1661 disceptatorem
2121 1580 2415 1641 senatum
2466 1576 2656 1640 nobis

302 1666 635 1749 relinque.'
719 1664 976 1730 extollit
1021 1668 1118 1730 ira
1152 1671 1527 1750 promptum
1567 1666 1934 1730 Cossutiani
1980 1664 2269 1729 animum
2302 1663 2481 1730 Nero
2529 1665 2658 1727 adi-

302 1754 516 1836 citque
560 1753 938 1819 Marcellum
984 1754 1261 1838 Eprium
1308 1756 1440 1819 acri
1486 1754 1869 1839 eloquentia.

479 1839 571 1905 At
613 1842 885 1906 Baream
925 1841 1244 1907 Soranum
1290 1843 1419 1907 iam
1466 1842 1594 1908 sibi
1640 1841 1938 1907 Ostorius
1976 1840 2253 1906 Sabinus
2299 1862 2492 1926 eques
2529 1840 2655 1904 Ro-
2676 1837 2762 1901 23

300 1951 529 1993 manus
572 1934 958 2014 poposcerat
1002 1953 1183 1995 reum
1240 1953 1320 1996 ex
1368 1931 1827 2015 proconsulatu
1872 1928 2096 2014 Asiae,
2149 1931 2219 1994 in
2274 1951 2402 2013 quo
2461 1929 2656 1993 offen-

303 2018 513 2082 siones
566 2018 878 2102 principis
935 2020 1115 2083 auxit
1159 2019 1411 2084 iustitia
1466 2024 1661 2103 atque
1711 2020 2052 2103 industria,
2108 2022 2174 2082 et
2230 2018 2382 2102 quia
2436 2018 2654 2101 portui

300 2104 732 2189 Ephesiorum
774 2107 1116 2190 aperiendo
1156 2129 1374 2172 curam
1411 2108 1844 2191 insumpserat
1888 2108 2148 2190 vimque
2187 2105 2469 2171 civitatis
2506 2105 2654 2170 Per-

299 2216 634 2279 gamenae,
704 2195 1108 2278 prohibentis
1171 2194 1484 2261 Acratum
1550 2195 1839 2260 Caesaris
1908 2195 2213 2261 libertum
2278 2199 2524 2261 statuas
2589 2197 2654 2258 et
2709 2215 2734 2256 5

298 2283 585 2366 picturas
641 2282 932 2367 evehere,
986 2283 1259 2348 inultam
1307 2285 1629 2349 omiserat.
1722 2283 1833 2348 sed
1883 2284 2138 2348 crimini
2183 2283 2456 2347 dabatur
2500 2283 2654 2347 ami-

299 2371 454 2436 citia
497 2370 715 2437 Plauti
771 2376 835 2437 et
879 2372 1150 2437 ambitio
1197 2373 1633 2439 conciliandae
1677 2372 2046 2457 provinciae
2102 2372 2181 2436 ad
2239 2393 2383 2455 spes
2435 2392 2653 2437 novas.

299 2463 553 2543 tempus
591 2461 989 2526 damnationi
1026 2461 1362 2546 delectum,
1400 2484 1528 2547 quo
1558 2461 1876 2525 Tiridates
1915 2459 2282 2544 accipiendo
2310 2458 2654 2524 Armeniae

297 2569 497 2634 regno
554 2548 966 2632 adventabat,
1021 2553 1096 2613 ut
1147 2551 1342 2616 versis
1396 2550 1477 2614 ad
1530 2554 1798 2614 externa
1851 2549 2218 2614 rumoribus
2272 2549 2653 2613 intestinum

480 2725 563 2775 15.
592 2738 889 2792 prosperas
915 2724 1196 2793 principis
1230 2740 1333 2791 res,
1367 2722 1478 2805 vgl.
1506 2723 1639 2778 hist.
1671 2730 1722 2791 2,
1754 2729 1782 2776 1
1818 2739 2113 2793 prosperae
2141 2723 2473 2792 Vespasiani
2504 2739 2604 2778 res.
2640 2722 2647 2794 Ι

303 2796 387 2845 16.
433 2792 696 2847 Etiamne
730 2824 803 2833 —
839 2810 954 2848 non
999 2796 1254 2850 satiatwr.
1328 2794 1454 2848 Wir
1498 2797 1772 2849 erwarten
1826 2796 2058 2850 etiamne
2113 2794 2289 2849 luctus
2341 2800 2391 2848 et
2444 2793 2654 2849 dolores

295 2861 548 2931 spernit?
603 2863 740 2917 oder
791 2882 860 2919 ne
906 2865 1141 2919 luctibus
1186 2866 1402 2934 quidem
1446 2872 1496 2919 et
1540 2866 1820 2920 doloribus
1870 2863 2147 2920 satiatur?
2219 2864 2487 2918 Indessen
2538 2880 2652 2928 non

295 2935 500 2988 satiari
523 2931 707 2989 bildet
739 2933 950 2988 einen
975 2934 1205 3005 Begriffi
1244 2952 1306 2989 so
1336 2935 1461 2989 dass
1487 2952 1622 2990 man
1650 2936 1795 2989 auch
1821 2934 1982 2989 nicht
2008 2936 2112 3004 gut
2137 2951 2247 2989 von
2271 2935 2436 2988 etiam
2453 2966 2522 2975 —
2539 2951 2653 2989 non

299 3002 472 3057 reden
500 3003 654 3057 kann
682 3004 805 3074 (das
834 3007 992 3059 sonst
1018 3004 1114 3059 bei
1132 3005 1263 3059 Tac.
1297 3011 1380 3075 13,
1402 3012 1433 3059 3
1462 3005 1581 3059 und
1597 3006 1731 3076 Agr.
1754 3011 1820 3059 43
1851 3004 2018 3060 steht.
2073 3004 2201 3074 Vgl.
2224 3022 2292 3057 zu
2321 3011 2371 3074 3,
2388 3010 2474 3073 54,
2495 3008 2604 3074 30).
2638 3005 2646 3076 Ι

302 3078 384 3128 19.
423 3075 653 3145 abroyat
689 3076 841 3146 leyes,
877 3074 1129 3131 insofern
1167 3091 1227 3130 er
1263 3077 1373 3131 den
1409 3076 1788 3147 gesetzlichen
1816 3076 1933 3130 Akt
1971 3076 2068 3130 der
2097 3074 2419 3145 jabi-lichen
2455 3074 2652 3129 Eides-

297 3142 551 3215 leistung
584 3146 834 3216 umgeht.
893 3150 903 3217 Ι
961 3149 1193 3213 dimna,
1241 3147 1332 3201 die
1371 3148 1480 3202 seit
1516 3146 1722 3202 Caesar
1758 3146 2156 3202 erscheinende
2193 3144 2458 3216 Zeitung,
2506 3145 2652 3200 auch

298 3214 511 3269 diwma
544 3217 700 3271 wrbis
734 3224 861 3272 acta
898 3222 991 3285 13,
1022 3223 1106 3272 31.
1173 3218 1225 3271 S.
1265 3236 1333 3271 zu
1370 3224 1430 3284 5,
1467 3224 1529 3286 4,
1559 3224 1608 3273 2.
1670 3221 1678 3289 Ι
1738 3223 1822 3271 20.
1860 3219 2108 3273 cua-atius
2143 3219 2286 3270 statt
2320 3218 2650 3285 matius,

296 3303 338 3339 s.
388 3302 458 3338 zu
510 3290 566 3354 1,
610 3292 702 3356 13,
750 3293 834 3341 25.
895 3288 904 3360 Ι
964 3294 1049 3343 21.
1096 3288 1224 3355 illa,
1268 3287 1519 3342 namlich
1565 3288 1658 3343 die
1702 3286 2196 3358 republikanische
2230 3287 2652 3411 Verfassungd

306 3361 392 3410 22.
431 3356 671 3426 TuberO‚
709 3357 801 3412 ein
838 3358 1078 3428 Stoiker‚
1113 3376 1232 3412 war
1259 3358 1482 3428 Gegner
1517 3359 1619 3413 der
1646 3358 1950 3428 Graoehen,
1987 3357 2269 3413 Favonius
2305 3358 2400 3412 ‘ein
2426 3357 2612 3412 Freun

295 3427 394 3481 des
446 3426 586 3482 Cato
633 3428 931 3484 Uticensis.
1004 3417 1158 3484 Uber
1204 3429 1313 3483 den
1357 3429 1678 3500 generellen
1722 3429 1918 3484 Plural
1962 3430 2089 3498 (wie
2129 3433 2221 3496 15,
2263 3433 2328 3481 14
2369 3430 2651 3495 Lucullos,

296 3498 602 3568 Pompeios)
642 3516 684 3553 s.
717 3505 765 3568 1,
788 3505 873 3568 10,
897 3505 962 3554 18
992 3517 1061 3553 zu
1098 3501 1388 3568 Varrones,
1418 3501 1711 3572 EynatiOS,
1738 3502 1931 3555 Iullos.
1978 3502 1986 3571 Ι
2029 3505 2113 3553 24.
2130 3555 2134 3558 ,
2146 3500 2474 3569 praeferant
2508 3501 2652 3553 statt

290 3584 434 3637 prae
469 3584 524 3623 se
558 3570 763 3637 ferwnt,
802 3588 842 3626 s.
883 3589 952 3624 zu
980 3576 1030 3640 2,
1061 3576 1147 3640 53,
1181 3577 1261 3625 13.
1313 3573 1322 3642 Ι
1383 3576 1466 3624 25.
1509 3571 1777 3639 Cassium,
1814 3571 1924 3625 den
1958 3569 2021 3624 in
2056 3569 2160 3639 ΚΡ.
2194 3576 2223 3623 7
2262 3569 2602 3623 erwahnten.
2637 3569 2646 3641 Ι

297 3644 385 3691 27.
425 3640 723 3708 scripseris,
759 3640 820 3694 in
857 3641 1041 3695 einem
1077 3640 1455 3696 kaiserlichen
1482 3641 1751 3710 Reskript
1787 3657 1860 3695 an
1897 3641 2008 3695 den
2037 3640 2211 3693 Senat
2245 3638 2350 3693 mit
2386 3639 2485 3711 der
2511 3638 2650 3692 Auf-

294 3708 605 3781 forderung
640 3728 736 3764 zur
760 3711 1090 3782 Einleitung
1128 3712 1226 3766 des
1253 3713 1561 3767 Prozesses.
1613 3716 1621 3782 Ι
1673 3717 1756 3766 28.
1795 3712 2004 3767 eoetollit
2044 3712 2126 3764 ‘er
2158 3710 2339 3765 reizt'.
2402 3699 2650 3764 Ahnlich

293 3787 355 3848 4,
400 3784 466 3833 1⁷
502 3797 572 3834 ne
691 3783 741 3836 is
784 3784 1004 3839 mobiles
1048 3783 1474 3838 adulescentium
1518 3784 1734 3838 animos
1760 3814 1829 3823 —
1857 3784 1932 3837 ad
1967 3782 2278 3851 superbiam
2313 3781 2602 3836 extolleret.
2635 3781 2643 3853 Ι

295 3854 382 3903 29.
421 3838 575 3905 'Uber
656 3852 705 3906 ‘e
742 3856 1006 3923 spateren
1043 3852 1366 3908 Schicksale
1403 3854 1501 3907 des
1537 3853 1743 3923 Eprius
1781 3871 1824 3908 s.
1863 3871 1934 3907 zu
1972 3858 2057 3921 12,
2084 3858 2135 3907 4.

471 3920 569 3976 23.
621 3929 666 3978 1.
705 3940 862 3995 eques
879 3925 1168 3980 Romanus
1192 3925 1271 3979 ist
1295 3923 1684 3995 hinzugeffigt,
1713 3943 1810 3979 um
1836 3923 2031 3978 diesen
2060 3924 2216 3978 sonst
2232 3922 2649 3977 Unbekannten

292 4008 402 4046 von
440 3991 569 4046 dem
596 3992 649 4046 K
691 4037 703 4048 .
736 4000 802 4049 15
841 3995 1168 4050 erwahnten
1195 3994 1450 4050 Ostorius
1487 4013 1558 4048 zu
1594 3993 2040 4049 unterscheiden.
2093 3997 2101 4065 Ι
2151 4000 2200 4049 2.
2232 3994 2648 4064 proconsulatu,

288 4062 603 4118 wahrsche‘
673 4064 765 4119 ‘ch
800 4071 1029 4122 61—62.
1089 4067 1099 4135 Ι
1158 4072 1208 4121 3.
1320 4068 1379 4120 ia
1419 4065 1695 4120 ‘dadurch
1731 4065 1881 4134 dass,
1918 4064 2150 4134 indem’‚
2188 4083 2229 4120 s.
2267 4083 2337 4118 zu
2375 4070 2435 4133 3,
2471 4070 2521 4131 9,
2553 4069 2599 4119 7.
2634 4064 2642 4135 Ι

293 4139 341 4187 7.
381 4134 596 4190 Plauti.
663 4135 739 4188 Es
776 4135 853 4190 ist
887 4135 1181 4191 Rubellius
1218 4137 1262 4191 P
1288 4139 1481 4205 antus,
1532 4137 1644 4190 den
1678 4136 1828 4190 Nero
1864 4136 1945 4189 im
1979 4136 2027 4191 J.
2068 4142 2134 4189 62
2173 4134 2465 4189 ermorden
2498 4133 2643 4190 liess.

293 4203 347 4259 S.
380 4209 471 4273 14,
511 4211 597 4260 59.
728 4208 980 4276 ambitio,
1026 4207 1219 4262 indem
1255 4223 1315 4261 er
1360 4206 1663 4278 angeblich
1709 4224 1816 4261 nur
1859 4205 2094 4261 deshalb
2142 4205 2236 4260 die
2272 4204 2504 4259 Provinz
2541 4208 2646 4274 gut

290 4273 603 4331 behandelt
692 4278 824 4347 abe,
862 4295 958 4331 um
1006 4278 1247 4348 popular
1288 4278 1405 4331 und
1451 4277 1706 4348 machtig
1751 4296 1819 4331 zu
1854 4276 2094 4331 werden.
2155 4279 2164 4346 Ι
2223 4282 2271 4330 9.
2318 4278 2648 4331 adventabat

290 4344 398 4398 mit
445 4346 577 4400 dem
612 4346 741 4402 Dat.
779 4349 1014 4419 gei-und.
1050 4348 1157 4402 wie
1204 4354 1263 4417 6,
1299 4354 1369 4402 43
1414 4349 1720 4404 reddendae
1765 4349 2133 4403 dominationi
2166 4348 2395 4415 venisse,
2444 4351 2537 4414 15,
2576 4352 2646 4400 24

289 4416 608 4485 accipiendo
635 4418 938 4474 diademati
964 4421 1028 4474 in
1053 4421 1239 4475 urbem
1259 4420 1459 4475 venire.
1494 4420 1502 4491 Ι
1534 4426 1765 4475 externa
1787 4418 1911 4473 ‘das
1930 4418 2206 4472 Ausland'
2228 4416 2335 4470 wie
2357 4422 2440 4486 11,
2455 4422 2541 4486 24,
2560 4422 2644 4472 11.
