3075 4800
1056 226 1273 281 LIBER
1307 227 1400 280 XI.
1459 225 1613 281 CAP.
1652 232 1879 281 34—37.
2562 227 2643 292 31

289 390 565 454 Decrius
595 411 849 475 quoque
880 389 1349 473 Calpurnianus
1378 389 1651 474 vigilum
1679 389 2060 474 praefectus,
2090 388 2414 474 Sulpicius
2434 388 2645 454 Rufus

290 479 431 543 ludi
466 483 863 564 procurator,
900 477 1138 543 Iuncus
1166 477 1580 561 Vergilianus
1617 481 1877 542 senator
1905 478 2126 542 eadem
2153 500 2362 562 poena
2389 478 2643 546 adfecti.

472 566 662 632 Solus
707 567 994 632 Mnester
1040 567 1518 631 cunctationem
1564 566 1804 650 attulit,
1851 566 2159 630 dilaniata
2205 571 2381 631 veste
2427 567 2589 631 clam
2597 567 2643 631 i·
2662 571 2750 635 36

292 660 463 740 tans,
527 656 841 740 aspiceret
895 655 1235 720 verberum
1289 658 1506 738 notas,
1562 655 2082 719 reminisceretur
2137 655 2339 740 vocis,
2395 678 2522 741 qua
2576 678 2643 720 se

291 744 645 809 obnoxium
699 745 892 809 iussis
939 744 1322 808 Messalinae
1385 742 1692 807 dedisset:
1747 743 1892 807 aliis
1944 742 2292 828 largitione
2347 748 2459 808 aut
2504 747 2642 829 spei

289 833 753 919 magnitudine,
801 832 927 911 sibi
965 855 1044 897 ex
1079 832 1461 897 necessitate
1497 831 1780 916 culpam3
1825 853 1942 896 nec
1979 832 2281 916 cuiquam
2318 836 2466 897 ante
2502 856 2641 917 per-

287 922 568 986 eundum
624 922 853 1006 fuisse,
911 922 967 985 si
1013 920 1213 985 Silius
1268 942 1484 985 rerum
1537 924 1886 1004 poteretur.
1978 925 2373 985 commotum
2428 920 2531 985 his
2577 926 2641 985 et
2661 952 2686 992 5

285 1032 566 1094 pronum
621 1010 702 1074 ad
755 1009 1266 1074 misericordiam
1325 1008 1661 1073 Caesarem
1714 1008 2050 1092 perpulere
2104 1010 2350 1094 liberti,
2406 1031 2487 1074 ne
2541 1014 2643 1074 tot

287 1098 673 1162 inlustribus
741 1098 901 1162 viris
969 1097 1323 1162 interfectis
1383 1097 1689 1160 histrioni
1746 1099 2210 1163 consuleretur:
2276 1103 2504 1183 sponte
2559 1121 2642 1163 an

297 1190 561 1251 coactus
608 1190 744 1249 tam
798 1207 1035 1270 magna
1085 1184 1503 1269 peccavisset,
1559 1183 1726 1248 nihil
1769 1186 2022 1250 referre.
2112 1209 2193 1251 ne
2237 1186 2460 1251 Trauli
2506 1188 2644 1271 qui-

295 1275 442 1339 dem
479 1273 777 1338 Montani
825 1274 1063 1358 equitis
1099 1273 1379 1338 Romani
1425 1272 1713 1337 defensio
1758 1278 2016 1358 recepta
2061 1279 2175 1338 est.
2258 1276 2314 1339 is
2351 1276 2642 1340 modesta

286 1364 579 1446 iuventa,
646 1362 755 1426 sed
821 1384 1088 1447 corpore
1146 1361 1417 1448 insigni,
1481 1362 1724 1425 accitus
1788 1363 1960 1426 ultro
2024 1367 2406 1448 noctemque
2469 1365 2640 1429 intra
2661 1396 2713 1435 10

286 1474 484 1515 unam
539 1473 577 1514 a
621 1451 969 1515 Messalina
1022 1451 1444 1535 proturbatus
1489 1454 1654 1535 erat,
1708 1451 1972 1534 paribus
2015 1451 2298 1515 lasciviis
2343 1452 2424 1515 ad
2468 1453 2640 1536 cupi-

289 1540 506 1604 dinem
554 1544 620 1603 et
665 1540 941 1604 fastidia.
1028 1538 1260 1604 Suillio
1301 1538 1658 1603 Caesonino
1706 1543 1770 1603 et
1806 1539 2064 1604 Plautio
2101 1539 2419 1605 Laterano
2466 1563 2641 1605 mors

286 1628 663 1713 remittitur,
707 1628 861 1693 huic
907 1628 991 1693 ob
1028 1628 1248 1712 patrui
1283 1628 1616 1713 egregium
1652 1627 1984 1692 meritum:
2033 1627 2426 1694 Caesoninus
2463 1630 2639 1694 vitiis

287 1721 619 1801 protectus
657 1721 773 1802 est,
810 1721 1141 1802 tamquam
1169 1717 1235 1781 in
1266 1717 1379 1781 illo
1409 1717 1783 1781 foedissimo
1814 1721 2002 1781 coetu
2028 1739 2253 1801 passus
2280 1719 2638 1783 muliebria.

461 1804 732 1870 Interim
786 1805 1132 1870 Messalina
1186 1804 1585 1870 Lucullianis
1653 1805 1722 1869 in
1780 1804 1989 1870 hortis
2042 1808 2364 1890 prolatare
2418 1808 2637 1892 vitam,
2657 1811 2742 1874 37

285 1915 672 1977 componere
717 1916 956 1979 preces,
1001 1894 1313 1959 nonnulla
1359 1916 1471 1978 spe
1517 1898 1584 1958 et
1628 1894 1972 1977 aliquando
2010 1895 2131 1959 ira:
2178 1899 2431 1960 tantum
2470 1896 2639 1960 inter

289 1986 576 2045 extrema
632 1984 967 2066 superbiae
1013 1983 1291 2068 gerebat.
1384 2004 1458 2046 ac
1502 1983 1572 2046 ni
1619 1983 1873 2047 caedem
1920 1983 2058 2047 eius
2102 1983 2448 2048 Narcissus
2492 2006 2639 2068 pro-

287 2070 668 2153 peravisset,
732 2074 1010 2135 verterat
1069 2071 1387 2157 pernicies
1450 2071 1519 2134 in
1574 2075 2025 2135 accusatorem.
2123 2094 2274 2136 nam
2330 2071 2636 2136 Claudius

289 2158 554 2222 domum
597 2180 929 2244 regressus
975 2164 1039 2225 et
1084 2159 1486 2244 tempestivis
1533 2159 1740 2243 epulis
1786 2159 2132 2244 delenituS,
2185 2160 2297 2223 ubi
2343 2160 2496 2224 vino
2542 2161 2635 2224 in-
2656 2190 2681 2230 5

291 2246 515 2331 caluit,
578 2247 660 2311 iri
724 2248 903 2312 iubet
960 2249 1376 2332 nuntiarique
1429 2248 1698 2312 miserae
1758 2246 1912 2332 (hoc
1966 2248 2138 2311 enim
2194 2250 2390 2313 verbo
2446 2270 2635 2313 usum

286 2335 531 2424 ferunt)
597 2337 929 2402 dicendam
995 2338 1076 2402 ad
1140 2334 1422 2408 causa·
1451 2341 1713 2422 postera
1767 2338 1871 2402 die
1925 2336 2191 2402 adesset.
2296 2338 2470 2423 quod
2523 2338 2636 2403 ubi

287 2426 578 2489 auditum
634 2431 698 2491 et
751 2427 1164 2511 languescere
1219 2428 1345 2509 ira,
1400 2427 1608 2490 redire
1664 2448 1846 2491 amor
1899 2448 1999 2510 ac,
2053 2427 2110 2490 si
2165 2431 2636 2505 cunctarentur,

286 2515 654 2597 propinqua
717 2536 848 2578 nox
912 2519 977 2579 et
1030 2516 1245 2578 uxorii
1303 2514 1585 2579 cubiculi
1639 2516 1950 2579 memoria
2000 2516 2423 2600 timebantur,
2487 2539 2633 2600 pro-

286 2604 532 2686 rumpit
584 2602 929 2667 Narcissus
986 2603 1447 2686 denuntiatque
1502 2604 1987 2668 centurionibus
2043 2607 2108 2668 et
2161 2605 2451 2690 tribuno,
2522 2606 2707 2687 qui1o

288 2690 536 2774 aderat,
573 2692 864 2774 >exsequi
930 2692 1210 2755 caedem:
1276 2693 1368 2755 ita
1431 2693 1884 2773 imperatorem
1949 2692 2183 2756 iubere.
2289 2696 2506 2756 custos
2571 2697 2637 2756 et

289 2966 837 3022 Exekutivbeamten
873 2965 1016 3036 (hier
1043 2966 1419 3022 Centurionen
1447 2968 1583 3022 oder
1609 2968 1933 3038 Tribunen),
1970 2969 2079 3039 vgl.
2108 2968 2296 3039 Nepos
2325 2969 2491 3024 Phoc.
2519 2976 2571 3039 4,
2602 2976 2632 3023 2

289 3039 708 3105 wndeeimviriS,
754 3040 950 3107 quibus
995 3040 1071 3093 ad
1114 3039 1447 3107 supplicium
1490 3055 1636 3095 more
1671 3041 2087 3094 Atheniensium
2121 3041 2341 3110 publice
2385 3043 2637 3097 damnati

284 3112 440 3167 tradi
481 3111 667 3164 solent.
710 3111 720 3181 Ι
764 3114 846 3163 16.
894 3110 1148 3180 vigilum,
1193 3109 1575 3164 Brandwache
1621 3127 1722 3165 aus
1771 3117 1800 3164 7
1851 3109 2129 3165 Cohorten
2173 3112 2509 3181 bestehend‚
2554 3111 2634 3165 im

286 3180 515 3235 Grunde
559 3179 726 3234 keine
774 3180 1160 3235 ordentlichen
1197 3179 1479 3236 Soldaten.
1523 3183 1531 3251 Ι
1574 3187 1656 3238 17.
1697 3183 1820 3236 ludi
1853 3182 2102 3236 namlich
2136 3184 2487 3254 yladiatorii,
2535 3184 2635 3237 der

285 3251 664 3307 kaiserlichen
702 3250 1283 3307 Gladiatorenschule.

460 3323 559 3377 se.
613 3329 674 3384 1,
722 3309 878 3376 Uber
921 3322 1031 3377 den
1075 3321 1465 3392 Sohauspieler
1508 3323 1760 3379 Mnester
1805 3342 1845 3379 s.
1896 3341 1964 3394 zu
2009 3324 2151 3394 Kap.
2189 3330 2240 3379 4.
2284 3326 2293 3394 ι
2334 3326 2631 3392 dilaniata,

283 3393 394 3463 vgl.
435 3392 578 3448 ovid
633 3410 742 3448 am.
786 3399 836 3462 3,
881 3399 931 3462 9,
971 3399 1038 3446 52
1086 3394 1376 3449 inornatas
1421 3395 1703 3450 dilaniata
1748 3412 1941 3449 eomas.
1983 3398 1992 3466 Ι
2035 3402 2082 3450 2.
2131 3397 2290 3451 vocis.
2366 3395 2632 3449 Claudius

283 3464 445 3518 hatte
503 3464 648 3518 ohne
698 3465 817 3534 Arg
873 3464 1000 3518 dem
1042 3464 1292 3519 Mnester
1335 3464 1625 3535 befohlen,
1684 3466 1784 3520 der
1827 3465 2136 3519 Messalina
2180 3484 2249 3519 zu
2295 3466 2630 3535 gehorchen.

283 3534 409 3605 Vgl.
448 3534 557 3588 Dio
594 3540 679 3602 60,
709 3541 776 3587 22
824 3535 921 3589 καὶ
967 3532 1140 3598 οὕτως
1185 3533 1441 3598 εἰπόντος
1486 3537 1636 3609 αὐτῷ
1683 3545 1782 3590 τοῦ
1822 3534 2109 3590 Κλαυδίου
2156 3534 2366 3604 πάνθ’,
2417 3535 2520 3590 ὅσοι
2558 3535 2632 3590 ἂν

286 3603 969 3745 {szz‘z‘ss‘zsszss‘ssszi’szz‘f
989 3606 1386 3749 ,²3⁸3st
1403 3615 1858 3732 ‹32235121s22‘17v
1872 3608 2055 3747 531³}
2075 3608 2162 3731 ἐς.
2183 3608 2285 3731 “1⁰3
2311 3606 2628 3751 &gazzii

284 3733 438 3800 Uber
472 3744 625 3799 diese
661 3745 826 3800 Form
862 3747 962 3800 der
996 3747 1351 3817 Anastrophe
1389 3765 1431 3801 s.
1470 3747 1616 3803 Einl.
1655 3755 1685 3814 ξ
1716 3754 1838 3816 116,
1868 3765 1912 3802 c.
1947 3749 1955 3819 Ι
1991 3721 2073 3802 12ἶ
2113 3721 2266 3803 Uber
2316 3748 2546 3805 Suillius
2587 3769 2628 3805 s,

284 3835 353 3870 zu
388 3816 478 3869 Ka
521 3862 531 3871 .
565 3822 613 3882 1,
650 3816 791 3871 fiber
825 3816 1084 3871 Plautius
1122 3836 1191 3870 zu
1226 3818 1368 3888 Kap.
1399 3823 1484 3872 30.
2110 3823 2116 3829 ’
2332 3830 2346 3845 “

508 3888 562 3942 7.
617 3893 666 3941 2.
714 3904 1051 3957 componere,
1094 3887 1344 3943 namlich
1388 3887 1449 3941 in
1495 3889 1680 3944 einem
1725 3888 1885 3943 Brief
1925 3906 1997 3943 an
2034 3890 2142 3944 den
2178 3890 2391 3945 Kaiser.
2436 3895 2444 3961 Ι
2486 3894 2631 3947 inter

283 3965 521 4013 extrema
547 3958 916 4028 (‘angesichts
946 3959 1044 4012 des
1073 3958 1302 4029 Todes’)
1332 3977 1373 4013 s.
1402 3960 1543 4029 Kap.
1569 3966 1652 4029 26,
1676 3965 1759 4015 12.
1784 3960 1866 4084 Ιὸ.
1889 3977 2188 4029 properare
2213 3961 2275 4015 in
2302 3962 2631 4016 transitiver

282 4029 640 4099 Bedeutung‚
689 4047 730 4083 s.
770 4048 840 4082 zu
878 4036 926 4098 1,
957 4036 1043 4098 56,
1072 4036 1119 4084 8.
1164 4032 1172 4098 Ι
1214 4036 1263 4085 5.
1310 4032 1633 4099 tempestivis
1676 4049 1782 4100 epu
1804 4032 1854 4086 is
1898 4031 2026 4085 sind
2063 4031 2274 4102 Gelage
2313 4049 2405 4086 am
2440 4033 2629 4087 hellen

283 4099 439 4170 Tage
484 4116 583 4153 vor
629 4100 729 4153 der
773 4107 821 4154 9.
852 4100 1068 4154 Stunde
1115 4101 1245 4171 (vgl.
1292 4118 1484 4156 cenare
1519 4104 1586 4156 de
1621 4103 1744 4172 die).
1778 4104 1787 4174 Ι
1821 4107 1868 4157 8.
1910 4105 2246 4173 lanquescere
2281 4103 2398 4156 und
2434 4104 2626 4168 redire,

283 4170 620 4225 historische
654 4170 933 4225 Infinitive
969 4170 1049 4223 im
1083 4170 1429 4240 Nebensatz‚
1465 4173 1573 4227 wie
1612 4179 1661 4240 2,
1692 4179 1725 4225 4
1760 4175 1854 4227 sed
1888 4175 1986 4227 ubi
2020 4174 2273 4227 minitari
2307 4174 2629 4226 Artabanus

283 4249 332 4296 et
377 4259 583 4310 parum
636 4242 871 4296 subsidii
923 4243 987 4295 in
1030 4242 1310 4298 Armeniis
1356 4245 1439 4297 vel
1484 4245 1682 4299 bellum
1727 4244 1986 4298 adversus
2030 4244 2267 4296 Parthos
2309 4240 2628 4295 sumendum

282 4319 414 4379 erat,
437 4318 522 4379 12,
543 4317 607 4365 51
629 4313 728 4366 ubi
745 4314 902 4381 quati
919 4320 1106 4367 uterus
1124 4320 1175 4368 et
1191 4316 1397 4368 viscera
1415 4315 1720 4370 vibrantwr.
1773 4314 1826 4368 S.
1846 4312 1992 4366 Einl.
2010 4319 2040 4377 ξ
2057 4318 2139 4365 92.
2166 4312 2173 4382 Ι
2199 4317 2281 4364 10.
2302 4309 2628 4363 denuntiare

287 4382 596 4437 ‘befehlen’
628 4382 735 4437 mit
763 4383 891 4437 dem
917 4382 1165 4438 Inflnitiv
1191 4384 1298 4438 wie
1326 4388 1602 4451 nuntiare,
1632 4390 1716 4452 16,
1748 4389 1812 4436 11
1842 4399 1967 4452 eryo
1992 4382 2219 4436 nuntiat
2237 4379 2395 4446 patri
2421 4377 2628 4430 abicere
