3075 4800
446 227 534 311 56
796 245 1137 302 CORNELII
1173 244 1413 299 TACITI
1447 244 1545 298 AB
1582 243 1902 301 EXCESSU
1938 242 2095 297 DIVI
2130 237 2449 296 AUGUSTI

376 436 428 476 10
456 408 741 493 quendas
779 407 1145 472 obsidiones
1180 408 1360 473 nulla
1396 409 1755 472 comminus
1791 407 2083 472 audacia:
2119 405 2281 471 raris
2311 398 2569 493 sagittis
2596 421 2830 493 neque

455 497 707 562 clausos
753 499 1031 560 exterret
1077 499 1143 559 et
1186 500 1388 560 semet
1431 496 1796 562 frustratur.
1869 495 2187 560 Adiabeni
2233 516 2380 560 cum
2426 517 2828 580 promovere

455 584 657 650 scalas
714 587 778 648 et
823 584 1338 649 machinamenta
1392 585 1775 669 inciperent,
1828 584 2016 649 facile
2071 584 2342 670 detrusi,
2396 607 2549 650 mox
2600 606 2830 654 erum.-

452 673 757 758 pentibus
801 674 1042 737 nostris
1089 673 1454 737 caeduntur.

393 762 436 826 5
634 760 915 825 Corbulo
961 766 1196 845 tamen,
1242 763 1536 845 quamvis
1584 763 1877 828 secundis
1916 762 2109 826 rebus
2147 762 2299 845 suis,
2344 762 2822 828 moderandum

453 851 751 915 fortunae
796 853 974 914 ratus
1020 851 1199 915 misit
1245 850 1325 914 ad
1365 849 1750 936 Vologesen,
1798 850 1908 934 qui
1957 850 2438 933 expostularent
2483 852 2615 916 vim
2660 873 2824 935 pro-

456 939 702 1003 vinciae
748 939 1041 1003 inlatam:
1097 939 1341 1004 socium
1390 940 1794 1024 amicumque
1838 960 2083 1023 regem,
2138 939 2435 1004 cohortes
2479 939 2823 1005 Romanas

456 1027 910 1093 circumsideri.
1004 1029 1333 1092 omitteret
1385 1029 1604 1111 potius
1660 1027 2088 1112 obsidionem,
2145 1031 2256 1091 aut
2311 1050 2379 1092 se
2435 1050 2688 1112 quoque
2736 1029 2822 1093 in

403 1141 427 1182 5
456 1138 612 1203 agro
667 1116 894 1180 hostili
949 1119 1159 1181 castra
1210 1117 1595 1199 positurum.
1688 1115 2030 1200 Casperius
2076 1116 2365 1181 centurio
2421 1117 2490 1180 in
2536 1138 2675 1181 eam
2720 1117 2822 1181 le-

455 1207 782 1292 gationem
837 1205 1121 1269 delectus
1175 1205 1348 1288 apud
1403 1205 1714 1289 oppidum
1765 1204 2027 1270 Nisibin
2040 1255 2058 1289 ,
2113 1208 2360 1288 septem
2416 1209 2481 1268 et
2534 1204 2822 1290 triginta

454 1293 718 1358 milibus
782 1315 1089 1376 passuum
1152 1315 1193 1357 a
1254 1293 1714 1378 Tigranocerta
1783 1293 2157 1378 distantem,
2230 1293 2390 1357 adiit
2461 1315 2676 1378 regem
2742 1298 2822 1359 et

455 1382 757 1446 mandata
819 1381 1120 1446 ferociter
1174 1382 1391 1445 edidit.
1481 1381 1795 1466 Vologesi
1851 1386 2037 1446 vetus
2102 1386 2167 1445 et
2220 1382 2477 1465 penitus
2533 1382 2817 1447 infixum

456 1474 595 1535 erat
645 1491 822 1534 arma
867 1470 1161 1535 Romana
1214 1471 1502 1553 vitanda,
1557 1492 1675 1535 nec
1728 1471 2091 1553 praesentia
2142 1491 2449 1555 prospere
2502 1471 2816 1535 fluebant.

376 1583 428 1622 10
455 1558 724 1623 inritum
772 1558 1120 1643 obsidium,
1174 1561 1356 1623 tutus
1409 1580 1606 1622 manu
1653 1562 1719 1623 et
1762 1560 1966 1643 copiis
2014 1559 2350 1646 Tigranes,
2401 1558 2639 1646 fugati,
2694 1561 2818 1642 qui

456 1646 999 1817 {fifflffliffi
1027 1651 1494 1818 ξὲῖιῖῗᾞῗε
1524 1648 1915 1819 ffiffim·
1943 1646 2502 1801 tffffiffl
2505 1652 2819 1821 ‘2¹:132ss

1900 1786 1916 1821 7

455 1823 678 1908 pabuli
723 1823 968 1907 inopia:
1017 1845 1169 1887 nam
1214 1828 1439 1888 exorta
1481 1824 1580 1888 vis
1626 1825 2019 1889 locustarum
2065 1825 2449 1909 ambederat,
2496 1825 2814 1909 quidquid

454 1911 795 1976 herbidum
843 1916 954 1977 aut
998 1912 1392 1977 frondosum.
1476 1913 1678 1999 igitur
1721 1917 1899 1978 metu
1947 1913 2240 1978 abstruso
2286 1914 2547 1979 mitiora
2588 1913 2814 1978 obten-

378 2027 428 2066 15
458 2002 640 2086 dens,
695 2001 1042 2066 missurum
1098 2003 1178 2065 ad
1232 2003 1683 2086 imperatorem
1739 2002 2103 2066 Romanum
2159 2004 2406 2089 legatos
2460 2024 2651 2086 super
2701 2025 2814 2086 pe-

457 2091 651 2155 tenda
684 2089 992 2155 Armenia
1037 2094 1101 2154 et
1137 2092 1451 2155 firmanda
1485 2113 1642 2175 pace
1686 2091 2046 2174 respondet.
2127 2091 2473 2155 Monaesen
2510 2090 2812 2155 omittere

457 2178 981 2265 Tigranocertam
1027 2179 1223 2264 iubet,
1270 2180 1406 2262 ipse
1451 2184 1624 2244 retro
1672 2180 1980 2244 concedit.

396 2267 436 2329 6
636 2267 812 2331 Haec
865 2269 1081 2350 plures
1137 2272 1211 2331 ut
1264 2268 1607 2332 formidine
1657 2269 1831 2354 ,regis
1897 2272 1962 2332 et
2017 2266 2400 2333 Corbulonis
2455 2268 2646 2332 minis
2700 2291 2813 2352 pa-

456 2358 627 2420 trata
690 2376 764 2420 ac
826 2356 1170 2443 magnifica
1228 2356 1639 2421 extollebant.
1732 2356 1843 2420 alii
1912 2356 2159 2422 occulte
2231 2358 2552 2444 pepigisse
2617 2356 2811 2422 inter-

456 2443 903 2529 pretabantur,
968 2448 1042 2509 ut
1106 2445 1342 2508 omisso
1409 2445 1733 2529 utrimque
1796 2446 1967 2510 bello
2034 2450 2098 2510 et
2157 2446 2429 2510 abeunte
2487 2446 2812 2532 Vologese

457 2532 765 2618 Tigranes
813 2554 1068 2617 quoque
1103 2531 1410 2597 Armenia
1447 2533 1829 2598 abscederet.
1921 2556 2035 2599 cur
2081 2535 2254 2598 enim
2297 2536 2646 2599 exercitum
2682 2535 2814 2599 Ro-

457 2707 591 2762 Dies
627 2706 904 2778 bestatigt
939 2706 1128 2761 Justin
1157 2712 1245 2775 41,
1275 2713 1325 2775 2,
1357 2715 1385 2762 7
1425 2710 1725 2763 comminus
1759 2709 1824 2762 in
1860 2710 1976 2764 acie
2005 2710 2275 2778 proeliari
2309 2715 2410 2763 aut
2444 2711 2683 2764 obsessas
2717 2726 2811 2764 ex-

451 2796 705 2851 puynare
738 2781 898 2834 nrbes
931 2779 1193 2834 nesciwnt.

637 2850 697 2906 ὅ.
753 2856 803 2905 4.
844 2851 1034 2920 potius
1077 2850 1283 2903 beruht
1329 2849 1433 2903 auf
1465 2850 1565 2904 der
1600 2849 2012 2919 Vermischung
2057 2850 2256 2904 zweier
2301 2849 2809 2905 Konstruktionen:

456 2938 621 2976 wenn
649 2923 838 2991 potius
873 2923 1090 2992 gesetzt
1124 2921 1348 2975 werden
1387 2921 1570 2987 sollte,
1606 2922 1813 2976 musste
1852 2924 1966 2975 stre
2070 2937 2404 2991 genommen
2441 2929 2541 2975 aut
2571 2954 2633 2961 —
2658 2923 2809 2990 posi-

457 3000 645 3048 twmm
681 2992 888 3060 fehlen,
936 2992 1072 3047 oder
1106 3008 1270 3046 wenn
1308 2992 1410 3045 das
1447 2993 1680 3046 letztere
1721 2992 1882 3046 nicht
1918 2992 1973 3046 fe
2039 3009 2107 3046 en
2145 2992 2336 3059 sollte,
2384 2993 2589 3046 musste
2619 2994 2813 3061 potius

457 3063 716 3133 geopfert
764 3062 1015 3131 werden,
1062 3078 1123 3116 so
1162 3062 1286 3116 dass
1322 3062 1470 3116 bloss
1512 3066 1652 3134 (aut)
1689 3070 1789 3118 aut
1828 3064 2027 3117 ‘sonst’
2067 3062 2237 3117 blieb.
2312 3062 2439 3132 Vgl.
2480 3081 2548 3116 zu
2584 3069 2684 3117 aut
2722 3069 2811 3131 13,

378 3172 388 3181 .
457 3141 545 3202 21,
577 3140 641 3188 17
681 3140 780 3188 aut
818 3135 1028 3188 existat.
1081 3134 1090 3200 Ι
1149 3139 1197 3187 5.
1237 3133 1532 3202 Casperius
1568 3133 1648 3187 ist
1683 3135 1856 3188 schon
1895 3141 1979 3202 12,
2007 3139 2075 3187 45
2115 3134 2385 3188 erwahnt.
2436 3136 2444 3205 Ι
2504 3140 2552 3188 6.
2592 3133 2810 3187 Nisibis

456 3205 553 3273 lag
598 3202 819 3256 sfidlich
863 3220 976 3257 von
1011 3202 1439 3272 Tigranocerta,
1486 3203 1547 3257 in
1595 3205 1695 3258 der
1730 3204 2079 3259 Landschaft
2119 3205 2441 3275 Mygdonia.
2503 3207 2511 3273 Ι
2571 3211 2620 3260 8.
2666 3207 2808 3272 f'ero·

456 3276 588 3328 citer
617 3273 970 3327 ‘herzhaften
998 3273 1214 3340 Sinnes,
1250 3273 1356 3326 mit
1383 3274 1632 3328 starkem
1661 3274 2085 3344 Selbstgeft‘ihl’,
2123 3275 2234 3345 vgl.
2265 3275 2395 3330 hist.
2424 3283 2476 3343 4,
2507 3281 2572 3329 71
2602 3276 2809 3343 ferocia
2867 3327 2875 3333 .

456 3344 738 3399 verboram
773 3344 998 3398 militem
1033 3344 1366 3398 incendebat.
1419 3347 1427 3414 1
1478 3346 1652 3400 edidit
1690 3345 1950 3401 ‘richtete
1988 3347 2110 3400 aus’
2151 3347 2258 3400 wie
2289 3346 2401 3418 ΚΡ...
2437 3352 2506 3400 60
2560 3348 2810 3416 epulanti

456 3416 724 3469 mandata
759 3415 1105 3483 imperatoris
1136 3415 1322 3481 edidit,
1358 3414 1488 3470 hist.
1520 3421 1571 3483 4,
1601 3421 1670 3469 64
1696 3418 1963 3472 mandata
1990 3419 2080 3472 edi
2106 3418 2305 3472 iubent.
2362 3416 2606 3470 Ahnlich
2634 3417 2806 3470 sehon

458 3485 568 3541 Cic.
599 3485 670 3539 de
698 3484 806 3538 div.
838 3491 868 3539 2
908 3491 939 3551 ξ
967 3490 999 3537 3
1038 3487 1234 3555 quibus
1268 3487 1428 3541 rebus
1455 3488 1618 3541 editis
1643 3489 1732 3555 (=
1755 3489 2026 3557 prolatis),
2067 3489 2136 3542 de
2166 3505 2241 3543 or.
2275 3494 2302 3540 1
2334 3496 2365 3554 ς
2396 3494 2515 3556 120,
2555 3494 2586 3541 2
2625 3494 2656 3553 ξ
2684 3492 2805 3555 325,

457 3563 490 3612 3
529 3564 559 3624 ξ
589 3563 709 3612 228.
769 3559 807 3629 Ι.
837 3561 885 3610 9.
923 3558 1191 3626 fluebant,
1233 3556 1341 3611 wie
1379 3557 1512 3612 dial.
1554 3563 1585 3611 5
1622 3559 1782 3613 rebus
1811 3576 2067 3639 prospere
2104 3560 2423 3628 fluentibus,
2467 3557 2600 3612 hist.
2640 3564 2699 3626 3,
2734 3563 2804 3611 48

457 3630 666 3685 ametis
683 3645 846 3710 saper
858 3629 1052 3698 (supra
1061 3631 1107 3699 ‘?)
1126 3635 1252 3683 vota
1274 3631 1585 3698 fluentibus,
1614 3628 1748 3684 Sall.
1769 3629 1899 3684 h1st.
1920 3629 1986 3683 fr.
2008 3629 2115 3683 inc.
2140 3635 2207 3683 70
2224 3630 2338 3697 Kr.,
2360 3635 2460 3682 101
2482 3628 2547 3683 D.
2569 3629 2686 3683 und
2705 3645 2804 3681 aus

457 3699 576 3753 ihm
611 3701 800 3754 Justm
838 3705 922 3768 23,
952 3706 1003 3768 3,
1036 3705 1100 3754 12
1138 3701 1297 3755 rebus
1332 3717 1504 3769 supra
1540 3707 1667 3754 vota
1701 3702 2010 3769 fluentibus,
2049 3699 2159 3754 Cic.
2190 3699 2283 3755 off.
2317 3706 2344 3752 1
2385 3706 2415 3765 ξ
2445 3704 2513 3753 90
2550 3701 2614 3753 in
2647 3700 2806 3782 rebus

448 3787 746 3909 2⁰43&ss
772 3772 1346 3913 Ξᾱαῧοέἓᾙῗῗιῖῗ
1378 3772 2253 3911 εΐῇἕέΐαηῗξῖέἒῖᾞὲωὲἐὲὴι
2266 3777 2804 3911 &23540250330345

458 3912 688 3980 leyiones
724 3917 774 3965 et
809 3913 955 3966 aliae
989 3912 1081 3965 ffir
1116 3914 1262 3967 aliae
1299 3914 1547 3983 leyioneS,
1583 3914 1729 3967 aliae
1766 3930 1808 3967 s.
1847 3930 1915 3965 zu
1956 3919 2004 3981 1,
2033 3917 2119 3981 63,
2150 3918 2233 3966 21.
2287 3912 2294 3983 Ι
2355 3917 2438 3966 12.
2470 3929 2577 3981 pro
2616 3912 2802 3967 ‘vorne

457 3980 537 4034 in’
581 3980 632 4034 d.
661 3982 716 4036 h.
756 3998 830 4035 an
867 3981 966 4036 der
1003 3982 1231 4052 Grenze,
1269 3982 1377 4037 wie
1413 3983 1517 4052 Kp.
1549 3989 1581 4036 3
1611 4000 1719 4052 pro
1754 3985 1897 4052 ripa.
1951 3984 1959 4054 Ι
2009 3970 2162 4037 Uber
2199 3983 2290 4037 die
2317 3982 2671 4052 Auslassung
2707 3983 2802 4035 des

456 4051 622 4107 Verb.
665 4051 890 4106 dicendi
932 4053 1027 4107 bei
1073 4055 1181 4109 sibi
1224 4055 1537 4109 inbecillum
1582 4071 1623 4107 s.
1663 4053 1808 4107 Einl.
1848 4060 1878 4119 ξ
1918 4060 2000 4108 21.
2071 4055 2078 4125 Ι
2150 4060 2232 4107 13.
2280 4055 2602 4109 ambederat.
2676 4053 2798 4121 Vgl.

457 4128 663 4181 ambiet
698 4123 856 4179 Paul.
897 4139 965 4177 ex
1000 4124 1147 4178 Fest.
1178 4131 1229 4192 4,
1262 4130 1346 4193 15,
1383 4126 1626 4179 ambesas
1661 4141 1874 4180 mensas
1899 4124 2066 4194 Verg.
2095 4123 2238 4179 Aen.·
2264 4130 2315 4191 3,
2345 4130 2473 4180 2572
2514 4123 2605 4178 ein
2643 4123 2798 4191 altes,

458 4195 594 4250 aber
631 4194 871 4249 seltenes
910 4194 1088 4249 Wort.
1133 4197 1140 4264 Ι
1190 4201 1272 4249 14.
1313 4198 1575 4249 abstruso.
1643 4195 1694 4248 S.
1730 4201 1780 4264 3,
1804 4201 1853 4263 6,
1883 4201 1914 4249 9
1954 4212 2022 4247 zu
2059 4196 2419 4250 abstruserint
2452 4196 2748 4250 tristitiam.
2788 4195 2796 4266 1

460 4270 541 4317 15.
581 4282 744 4332 super
780 4266 922 4317 statt
956 4266 1037 4319 de.
1104 4265 1155 4318 S.
1195 4263 1341 4318 Einl.
1381 4271 1412 4329 ξ
1440 4270 1524 4319 55.
2245 4312 2250 4317 ,

635 4336 695 4388 6.
750 4341 800 4388 4.
840 4334 1112 4403 Tigranes
1149 4334 1305 4387 ward
1340 4333 1502 4387 nicht
1535 4334 1745 4388 wieder
1781 4335 1885 4387 auf
1917 4335 2026 4388 den
2062 4335 2250 4389 Thron
2284 4337 2515 4405 gesetzt.
2583 4332 2800 4388 Seinem

460 4400 611 4453 Sohn
639 4403 957 4455 Alexander
992 4403 1105 4471 gab
1133 4403 1448 4472 Vespasian
1484 4403 1610 4457 eine
1637 4403 1826 4458 kleine
1853 4405 2182 4458 Herrschaft
2215 4404 2275 4458 in
2304 4404 2552 4460 Cilicien.
2585 4406 2593 4475 Ι
2626 4405 2800 4458 absce-
