3075 4800
405 247 531 311 102
766 247 1116 303 CORNELII
1151 248 1394 304 TACITI
1429 250 1526 303 AB
1564 249 1885 305 EXCESSU
1920 250 2075 303 DIVI
2111 250 2428 306 AUGUSTI

400 413 506 474 tor
551 410 620 474 in
664 410 1013 496 provincia,
1063 431 1253 493 quam
1300 412 1638 498 obtineret,
1684 411 2120 496 spectaculum
2168 413 2599 497 gladiatorum
2647 418 2761 479 aut

399 498 681 562 ferarum
729 502 841 563 aut
888 498 1061 583 quod
1105 498 1283 562 aliud
1317 499 1638 564 ludicrum
1677 501 1907 564 ederet.
1980 523 2130 564 nam
2176 505 2326 564 ante
2371 524 2503 566 non
2545 503 2761 567 minus

238 651 243 656 ,
320 611 372 652 15
402 587 520 651 tali
556 586 902 673 largitione
950 609 1142 671 quam
1190 588 1614 671 corripiendis
1650 589 1941 672 pecuniis
1979 589 2302 654 subiectos
2348 589 2760 677 adfligebant,

403 675 576 760 dum,
623 696 785 758 quae
829 675 1100 739 libidine
1147 674 1567 760 deliquerant,
1620 677 1871 740 ambitu
1916 680 2346 761 propugnant.

293 762 379 827 32
576 762 847 826 Factum
903 767 968 826 et
1025 767 1284 828 senatus
1340 765 1707 829 consultum
1761 763 1999 829 ultioni
2054 766 2236 829 iuxta
2290 770 2355 830 et
2410 768 2760 852 securitati,

400 855 475 914 ut
522 851 577 915 si
625 851 770 934 quis
817 873 855 915 a
900 851 1035 916 suis
1083 853 1284 917 servis
1330 853 1709 918 interfectus
1756 856 1942 937 esset,
1987 853 2036 916 ii
2084 875 2357 939 quoque,
2406 855 2517 939 qui
2563 859 2761 921 testa-

399 942 618 1003 mento
675 961 872 1003 manu
924 940 1110 1004 missi
1166 941 1285 1005 sub
1344 942 1569 1006 eodem
1625 944 1795 1005 tecto
1843 942 2256 1026 mansissent,
2311 942 2482 1007 inter
2538 964 2759 1008 servos

400 1026 719 1110 supplicia
771 1027 1138 1110 penderent.
1231 1030 1522 1094 redditur
1579 1029 1789 1093 ordini
1835 1029 2072 1094 Lurius
2118 1029 2331 1095 Varus
2382 1032 2760 1117 consulariS,

347 1140 372 1181 5
400 1114 706 1179 avaritiae
771 1116 1150 1182 criminibus
1225 1118 1383 1182 olim
1451 1118 1801 1202 perculsus.
1895 1121 1960 1181 et
2023 1117 2385 1202 Pomponia
2450 1118 2761 1185 Graecina

398 1203 675 1288 insignis
722 1203 988 1289 femina,
1033 1205 1115 1269 A.
1162 1206 1449 1291 Plauti0,
1507 1228 1697 1290 quem
1747 1227 1971 1270 ovasse
2017 1207 2095 1270 de
2139 1206 2470 1272 Britannis
2516 1208 2760 1294 rettuli,

397 1295 602 1375 nupta
656 1314 731 1356 ac
777 1294 1257 1377 superstitionis
1313 1298 1612 1382 externae
1670 1316 1805 1378 rea,
1862 1295 2082 1359 mariti
2136 1295 2375 1360 iudicio
2429 1296 2759 1380 permissa.

390 1381 583 1464 isque
618 1381 832 1465 prisco
881 1382 1182 1447 instituto
1228 1383 1613 1467 propinquis
1662 1405 1876 1448 coram
1915 1384 1992 1447 de
2030 1383 2240 1466 capite
2276 1384 2576 1467 famaque
2613 1406 2762 1449 con-

398 1469 571 1554 iugis
610 1470 917 1555 cognovit
955 1474 1019 1534 et
1054 1471 1378 1536 insontem
1414 1473 1877 1555 pronuntiavit.
1951 1472 2149 1557 longa
2184 1471 2336 1537 huic
2362 1472 2760 1558 Pomponiae

319 1583 371 1622 10
399 1561 576 1622 aetas
633 1562 698 1622 et
743 1558 1048 1623 continua
1093 1560 1362 1640 tristitia
1407 1560 1551 1624 fuit.
1641 1583 1792 1624 nam
1837 1563 1987 1644 post
2031 1558 2266 1624 Iuliam
2311 1560 2510 1625 Drusi
2554 1560 2758 1625 filiam

399 1646 550 1710 dolo
595 1646 978 1711 Messalinae
1024 1648 1429 1713 interfectam
1486 1670 1603 1732 per
1658 1648 2085 1733 quadraginta
2136 1670 2338 1713 annos
2393 1671 2526 1713 non
2578 1649 2759 1714 cultu

397 1734 525 1798 nisi
581 1735 870 1820 lugubri,
932 1758 1065 1799 non
1118 1736 1333 1801 animo
1388 1738 1515 1801 nisi
1573 1741 1818 1801 maesto
1865 1737 2036 1823 egit,
2096 1737 2290 1822 idque
2346 1737 2446 1801 illi
2502 1739 2759 1823 imperi-

399 1825 578 1887 tante
627 1822 895 1888 Claudio
942 1824 1201 1910 inpune,
1252 1847 1406 1890 mox
1452 1825 1533 1889 ad
1580 1826 1854 1911 gloriam
1901 1826 2113 1890 vertit.

293 1910 380 1975 33
577 1909 757 1976 Idem
803 1933 1008 1976 annus
1055 1913 1273 1996 plures
1319 1935 1464 1978 reos
1510 1913 1759 1998 habuit,
1807 1935 2082 1997 quorum
2126 1913 2196 1978 P.
2248 1912 2534 1978 Celerem
2578 1935 2759 1979 accu-

399 2003 581 2063 sante
618 1998 829 2094 .Asia,
897 2000 1048 2085 quia
1112 2002 1445 2066 absolvere
1509 2002 1822 2086 nequibat
1886 2001 2143 2087 Caesar,
2207 2004 2438 2087 traxit,
2504 2006 2758 2067 senecta

399 2211 498 2265 des
536 2210 764 2264 Kaisers
799 2211 878 2264 ist
912 2211 1047 2264 kein
1083 2213 1439 2282 maqistratus
1466 2213 1670 2281 populi
1705 2212 1951 2266 Romani
1985 2211 2065 2264 im
2101 2210 2484 2281 cigentlichen
2517 2212 2700 2266 Sinne.
2745 2213 2753 2284 Ι

403 2287 484 2335 16.
525 2282 657 2335 dum
696 2281 934 2350 ‘indem,
975 2282 1073 2351 da,
1112 2283 1305 2351 denn’,
1340 2282 1448 2337 wie
1487 2289 1572 2352 14,
1604 2288 1670 2336 31
1697 2283 1843 2336 dum
1879 2283 2201 2337 amoenitati
2225 2284 2393 2351 prius
2429 2300 2594 2352 quam
2627 2284 2759 2337 usui

397 2354 717 2421 consulitur,
755 2353 872 2406 und
909 2352 1070 2408 efter.
1138 2353 1190 2410 S.
1229 2352 1563 2426 Einleitung
1597 2360 1642 2421 ξ.
1675 2358 1758 2408 90.
1793 2355 1801 2424 Ι
1833 2354 2392 2423 dum-propuynant
2430 2353 2600 2407 ‘denn
2636 2369 2754 2407 was

401 2424 482 2478 sie
519 2423 580 2478 in
615 2425 782 2479 boser
817 2423 1092 2494 Begierde
1128 2424 1426 2494 gefrevelt,
1475 2425 1713 2479 suchten
1750 2424 1831 2478 sie
1880 2424 2058 2477 durch
2096 2423 2535 2480 Gunstbuhlerei
2585 2424 2758 2496 (beim

398 2495 696 2565 gemeinen
730 2494 901 2565 Volk)
948 2513 1016 2547 zu
1062 2495 1317 2550 decken’.
1395 2496 1567 2550 libido
1604 2493 1855 2566 (speziell
1896 2493 2337 2563 ‘Gewinnsucht'
2380 2497 2522 2550 lueri
2564 2497 2755 2565 libido)

397 2565 625 2620 bezieht
661 2566 780 2619 sich
819 2565 922 2619 auf
951 2567 1314 2634 corripiendis
1344 2568 1615 2635 pecuniis,
1650 2565 1923 2619 wahrend
1960 2566 2169 2620 ambitu
2204 2565 2308 2618 auf
2329 2567 2435 2620 tali
2464 2567 2757 2637 lquitione

442 2636 553 2690 eht.
599 2638 607 2706 Ι
643 2642 1005 2707 propuynant
1042 2653 1116 2689 sc.
1156 2653 1221 2690 ea
1256 2636 1335 2690 ist
1372 2636 1456 2690 als
1493 2636 1814 2690 Akkusativ
1855 2636 1954 2689 des
1990 2633 2418 2705 pronominalen
2451 2637 2757 2691 Neutrums

439 2706 682 2760 urchaus
699 2722 702 2725 “
718 2705 879 2761 nicht
915 2705 1190 2777 auffallig
1230 2708 1347 2761 und
1382 2707 1544 2761 nicht
1577 2706 1685 2760 mit
1724 2712 1789 2761 15
1803 2750 1816 2776 ,
1861 2712 1926 2760 13
1966 2723 2036 2759 zu
2069 2705 2428 2776 vergleichen
2464 2724 2563 2761 nee
2597 2708 2759 2761 aliud

398 2793 562 2846 quam
607 2780 945 2832 munimenta
983 2781 1428 2848 propuqnabant.
1507 2777 1698 2832 Cicero
1746 2779 1876 2847 sagt
1923 2777 1996 2830 ad
2031 2776 2164 2830 fam.
2205 2782 2236 2830 6
2250 2820 2263 2846 ,
2303 2781 2353 2844 8,
2395 2783 2427 2829 2
2466 2778 2758 2832 consilium

390 2849 555 2917 petie,
665 2849 727 2903 id
761 2850 866 2902 sim
900 2849 1005 2903 tibi
1040 2856 1246 2904 auctor.
1323 2849 1373 2903 S.
1416 2867 1484 2902 zu
1522 2865 1650 2903 ann.
1693 2854 1776 2917 12,
1808 2853 1893 2916 60,
1926 2853 2009 2901 13.
2441 2914 2446 2919 .

618 2919 675 2973 2.
735 2925 781 2974 1.
821 2918 954 2973 Dies
1009 2918 1087 2972 ist
1140 2920 1242 2973 das
1296 2920 1443 2973 nach
1490 2920 1602 2973 den
1645 2918 1901 2972 Konsuln
1955 2918 2054 2971 des
2100 2917 2301 2972 Jahres
2349 2922 2415 2972 57
2473 2919 2757 2972 benannte

396 2996 618 3044 senatus
672 2991 978 3045 consultum
1024 2990 1410 3045 Neronianum
1465 2990 1604 3044 oder
1656 2991 2042 3044 Pisonianam.
2120 2987 2305 3042 Schon
2357 2988 2440 3042 im
2493 2989 2758 3043 Senatus-

399 3060 718 3114 consultum
764 3059 1115 3113 Silanianum
1159 3078 1286 3115 vom
1321 3062 1370 3116 J.
1413 3067 1480 3115 10
1526 3079 1581 3116 n.
1622 3060 1746 3115 Chr.
1792 3075 1911 3113 war
1953 3059 2269 3114 bestimmt:
2318 3060 2540 3114 domino
2589 3061 2760 3114 occiso

398 3131 464 3184 de
501 3148 565 3185 ea
600 3132 825 3197 familia
861 3132 1104 3201 quaestio
1138 3132 1390 3186 habenda
1426 3139 1519 3199 est,
1559 3149 1697 3202 quae
1723 3132 1878 3186 intra
1906 3136 2101 3184 tectum
2126 3131 2299 3197 fuerit
2332 3131 2416 3185 vel
2441 3136 2577 3185 certe
2604 3137 2762 3185 eoetra

399 3205 593 3255 tectum
629 3219 752 3256 cum
788 3202 1008 3257 domino
1053 3217 1112 3256 eo
1148 3209 1406 3270 tempore,
1454 3220 1561 3272 quo
1598 3203 1956 3257 occidebatur.
2031 3200 2138 3254 Die
2172 3216 2317 3255 neue
2353 3201 2757 3270 Bestimmung,

401 3270 494 3325 die
523 3271 672 3343 jetzt
705 3271 1036 3340 hinzukam,
1083 3270 1224 3325 wird
1259 3272 1354 3326 bei
1388 3272 1549 3328 Paul.
1590 3275 1829 3327 sentent.
1870 3278 1919 3341 3,
1960 3278 2020 3339 5,
2061 3277 2091 3325 6
2131 3288 2193 3326 so
2230 3270 2444 3325 citiert:
2482 3272 2625 3326 servi
2662 3272 2761 3340 qui

399 3344 500 3397 sub
537 3344 718 3398 eodem
752 3349 885 3398 tecto
920 3344 1158 3411 fuerint,
1205 3345 1304 3398 ubi
1340 3344 1595 3399 dominus
1625 3344 1940 3413 perhibetur
1974 3344 2182 3397 occisus
2188 3366 2206 3410 ,
2252 3347 2305 3396 et
2347 3348 2670 3411 torquentiu-
2709 3348 2762 3396 et

391 3415 730 3481 pvmiwntur,
767 3415 866 3469 etsi
899 3419 1213 3468 testamento
1249 3416 1411 3469 occisi
1446 3415 1775 3469 manumissi
1808 3415 1934 3468 sint.
1998 3415 2092 3468 sed
2126 3419 2177 3467 et
2202 3414 2263 3466 hi
2288 3418 2626 3482 torquentur,
2663 3414 2761 3482 qui

397 3500 522 3538 cum
575 3485 746 3540 occiso
799 3486 862 3539 in
905 3485 1100 3539 itinere
1153 3486 1394 3552 fuerunt.
1467 3485 1651 3539 Einen
1696 3485 2012 3539 konkreten
2062 3483 2187 3537 Fall
2232 3484 2332 3536 der
2376 3483 2482 3537 Art
2540 3482 2760 3537 erzahlt

400 3553 530 3609 Tac.
572 3561 667 3623 14,
705 3561 791 3609 42.
852 3556 860 3624 Ι
920 3560 970 3610 5.
1010 3557 1296 3610 avaritiae.
1372 3556 1448 3609 Er
1482 3573 1602 3610 war
1639 3556 1758 3610 also
1794 3571 1992 3626 wegen
2027 3554 2073 3607 Ε
2142 3569 2451 3624 ressungen
2488 3555 2757 3623 (repetim-

398 3626 619 3696 darum)
657 3626 968 3696 angeklagt
1008 3626 1125 3679 und
1167 3643 1269 3680 aus
1307 3627 1436 3680 dem
1473 3626 1650 3681 Senat
1685 3626 1984 3698 gestol'sen.
2036 3626 2044 3694 Ι
2146 3640 2208 3678 er
2241 3624 2419 3678 Vater
2454 3625 2557 3678 der
2592 3625 2757 3679 Pom-

391 3696 1222 3821 {fflssssrlssaffiafflgffffifl
1239 3698 1925 3837 ΞὲἺθῗὲῗωΙιέὶῖῐὲζῖἓῑ.
1942 3694 2760 3836 Οὲἒέῗθίᾓῗὲῗῖἒθξῖἓὲὲἒέἐ

399 3837 633 3892 Bt'icher.
667 3841 675 3907 Ι
711 3844 757 3892 7.
788 3839 1193 3907 superstitionis
1220 3845 1486 3894 eoeternae.
1535 3811 2061 3892 Fiemdl'andischer
2078 3835 2284 3890 Kultus
2310 3853 2429 3890 war
2451 3836 2759 3907 gesetzlich

397 3907 684 3977 verboten,
723 3909 859 3963 aber
894 3908 974 3962 im
1011 3909 1332 3963 Zunehmen
1368 3909 1663 3980 begriffen.
1709 3911 1717 3978 Ι
1757 3909 1948 3963 mariti
1983 3908 2192 3962 iudicio
2221 3910 2517 3977 permissa,
2556 3907 2757 3960 anders

401 3977 486 4031 als
526 3984 575 4048 2,
605 3983 690 4048 50,
728 3996 815 4033 wo
853 3980 963 4032 den
996 3979 1376 4034 Verwandten
1411 3998 1519 4033 nur
1556 3979 1653 4049 diev
1675 3978 2118 4058 Vollstreckung
2152 3977 2251 4032 des
2288 3995 2414 4032 vom
2452 3976 2627 4031 Senat
2661 3993 2759 4047 ge-

399 4047 606 4103 fallten
632 4049 841 4104 Urteils
878 4051 1019 4104 fiber
1055 4050 1181 4104 eine
1217 4050 1632 4107 Ehebrecherin
1668 4049 1997 4103 fiberlassen
2030 4049 2189 4103 wird.
2226 4049 2234 4117 Ι
2269 4054 2352 4103 10.
2391 4047 2559 4102 Diese
2594 4047 2758 4115 Iulia,

399 4119 642 4173 Enkelin
682 4120 778 4174 des
817 4120 1102 4190 Tiberius,
1148 4137 1268 4177 war
1302 4121 1410 4175 mit
1444 4121 1595 4176 Nero
1609 4165 1621 4188 ,
1672 4121 1800 4174 dem
1838 4120 2021 4173 Sohne
2065 4119 2163 4173 des
2200 4118 2590 4187 Germanicus,
2640 4134 2757 4172 ver-

399 4189 644 4245 heiratet
679 4192 797 4245 und
834 4191 914 4244 im
947 4193 996 4246 J.
1034 4197 1105 4246 44
1143 4192 1320 4245 durch
1354 4191 1664 4246 Messalina
1702 4208 1801 4245 aus
1838 4189 2160 4244 Eifersucht
2195 4191 2428 4260 getotet.
2476 4193 2485 4255 Ι
2534 4195 2617 4243 13.
2655 4190 2759 4243 im-

392 4278 545 4329 pune
578 4279 678 4388 gg.
702 4269 978 4387 mitit-Uber
1012 4334 1072 4388 P.
1104 4332 1262 4387 Celer
1299 4351 1341 4387 s.
1379 4333 1483 4403 Kp.
1517 4339 1565 4387 1.
1600 4335 1608 4403 Ι
1642 4339 1690 4387 2.
1729 4335 1798 4387 P.
1831 4331 2062 4387 Celerem
2099 4332 2275 4387 traxit
2311 4357 2379 4376 ==-
2414 4348 2528 4385 rem
2558 4330 2758 4386 Celeris

400 4405 578 4457 tramit
606 4404 733 4473 ‘zog
758 4402 901 4458 hin’.
936 4406 945 4473 Ι
975 4411 1188 4460 senecta
1214 4405 1381 4459 donee
1407 4422 1477 4458 m.
1506 4405 1695 4471 obiret,
1729 4403 1824 4457 die
1851 4402 2207 4472 Anastrophe
2236 4401 2337 4455 der
2361 4400 2758 4471 Konjunktion
