3075 4800
1132 181 1347 235 LIBER
1381 180 1525 236 XIV.
1584 179 1736 234 CAP.
1778 185 1932 234 1—3.
2661 180 2703 243 5

353 344 525 426 quod
572 344 626 408 si
669 366 905 408 nurum
951 342 1313 429 Agrippina
1364 365 1499 408 non
1542 343 1670 407 nisi
1715 342 1851 407 filio
1906 342 2207 406 infestam
2257 342 2422 405 ferre
2467 346 2707 425 posset,

350 432 721 497 redderetur
756 433 898 516 ipsa
935 431 1210 497 Othonis
1247 433 1575 518 coniugio:
1623 433 1859 495 ituram
1906 452 2165 515 quoquo
2212 434 2544 513 terrarum,
2589 430 2703 494 ubi

352 520 600 584 audiret
654 522 871 604 potius
925 521 1346 587 contumelias
1400 520 1807 604 imperatoris
1868 542 2060 602 quam
2114 520 2348 583 viseret
2401 519 2703 602 periculis

352 609 488 673 eius
535 609 822 674 inmixta.
914 610 1072 674 haec
1127 613 1319 692 atque
1373 609 1531 673 talia
1583 608 1865 673 lacrimis
1920 612 1985 671 et
2040 611 2174 671 arte
2230 607 2554 672 adulterae
2598 630 2705 691 pe-

349 698 670 762 netrantia
712 719 901 763 nemo
955 698 1364 782 prohibebat,
1420 697 1829 781 cupientibus
1875 696 2121 760 cunctis
2166 695 2437 781 infringi
2482 700 2704 779 poten-
2731 721 2782 761 15

350 787 507 849 tiam
554 787 778 851 matris
834 791 900 851 et
945 786 1239 851 credente
1282 785 1464 849 nullo
1519 807 1724 868 usque
1781 785 1861 849 ad
1906 784 2161 850 caedem
2215 785 2352 848 eius
2398 784 2705 848 duratura

351 874 470 937 fflii
517 875 681 939 odia.

530 962 753 1026 Tradit
796 961 1060 1027 Cluvius
1107 961 1333 1026 ardore
1377 962 1746 1026 retinendae
1782 959 2211 1046 Agrippinam
2256 960 2581 1043 potentiae
2628 983 2702 1024 eo
2731 962 2773 1024 2

350 1073 552 1135 usque
609 1055 1003 1134 provectam,
1068 1055 1143 1114 ut
1196 1050 1407 1114 medio
1465 1051 1619 1134 diei,
1674 1072 1820 1115 cum
1875 1050 1942 1113 id
1997 1049 2306 1132 temporis
2359 1047 2535 1112 Nero
2590 1070 2704 1131 per

349 1140 571 1204 vinum
609 1143 675 1203 et
712 1139 931 1222 epulas
969 1139 1397 1222 incalesceret,
1443 1139 1668 1203 offeret
1706 1161 1772 1203 se
1810 1138 2063 1221 saepius
2100 1137 2453 1201 temulento
2491 1157 2705 1220 comp-

349 1232 484 1290 tam
532 1231 597 1291 et
643 1228 886 1292 incesto
931 1231 1238 1310 paratam.
1329 1228 1586 1311 iamque
1630 1228 1870 1291 lasciva
1916 1226 2133 1290 oscula
2183 1230 2247 1290 et
2291 1225 2704 1309 praenuntias

350 1316 586 1401 flagitii
639 1315 1013 1380 blanditias
1043 1315 1499 1380 adnotantibus
1553 1315 1892 1400 proximis,
1949 1313 2253 1380 Senecam
2300 1317 2524 1379 contra
2569 1335 2704 1377 mu-
2758 1339 2784 1381 5

350 1405 583 1468 liebres
648 1404 998 1469 inlecebras
1054 1405 1412 1468 subsidium
1468 1428 1506 1469 a
1559 1404 1800 1469 femina
1850 1403 2181 1486 petivisse,
2246 1403 2703 1485 inmissamque

349 1490 559 1557 Acten
611 1493 936 1577 libertam,
1001 1515 1164 1576 quae
1224 1493 1421 1557 simul
1475 1515 1591 1557 suo
1645 1492 1931 1576 periculo
1987 1496 2052 1555 et
2105 1492 2371 1555 infamia
2422 1490 2703 1555 Neronis

352 1581 541 1646 anxia
587 1581 863 1646 deferret
906 1582 1360 1667 pervulgatum
1405 1603 1544 1646 esse
1590 1582 1905 1646 incestum
1952 1580 2270 1667 gloriante
2315 1583 2537 1663 matre,
2585 1601 2704 1644 nec

349 1669 734 1735 toleraturos
789 1670 1027 1734 milites
1081 1670 1337 1754 profani
1389 1671 1701 1754 principis
1756 1670 2113 1753 imperium.
2204 1668 2441 1733 Fabius
2486 1668 2704 1732 Rusti-

352 1778 461 1822 cus
506 1781 639 1822 non
673 1757 1091 1844 Agrippinae,
1137 1759 1248 1823 sed
1292 1758 1540 1825 Neroni
1587 1760 1878 1843 cupitum
1925 1759 1991 1822 id
2035 1761 2349 1822 memorat
2394 1757 2702 1822 eiusdem-
2731 1784 2782 1823 ιο

352 1868 475 1928 (1116
529 1846 798 1911 libertae
855 1851 998 1911 astu
1052 1847 1404 1911 disiectum.
1497 1848 1609 1912 sed
1663 1869 1826 1931 quae
1883 1845 2172 1930 Cluvius,
2234 1846 2453 1910 eadem
2508 1846 2703 1910 ceteri

353 1955 608 2017 quoque
654 1939 945 1999 auctores
989 1935 1352 2019 prodidere,
1399 1940 1463 1999 et
1508 1936 1683 1999 fama
1725 1936 1853 1999 huc
1897 1935 2192 2017 inclinat,
2250 1956 2363 1998 seu
2409 1934 2703 2017 concepit

355 2023 567 2085 animo
633 2027 886 2085 tantum
955 2023 1351 2087 inmanitatis
1415 2023 1802 2108 Agrippina,
1875 2044 1988 2086 seu
2063 2022 2430 2087 credibilior
2499 2043 2704 2085 novae

353 2109 641 2174 libidinis
690 2110 1022 2174 meditatio
1077 2111 1147 2174 in
1192 2133 1265 2174 ea
1320 2111 1458 2175 visa
1502 2115 1626 2194 est,
1684 2133 1845 2193 quae
1900 2110 2294 2194 puellaribus
2341 2110 2523 2174 annis
2574 2113 2703 2173 stu-

353 2220 542 2281 prum
580 2220 726 2263 cum
765 2199 863 2262 M.
899 2198 1143 2282 Lepido
1181 2221 1293 2283 spe
1330 2199 1787 2264 dominationis
1825 2199 2184 2283 admiserat,
2228 2198 2371 2282 pari
2406 2197 2703 2281 cupidine
2732 2224 2782 2265 15

353 2308 555 2369 usque
613 2288 692 2351 ad
736 2286 926 2351 libita
967 2286 1281 2352 Pallantis
1326 2289 1670 2372 provoluta
1723 2292 1788 2352 et
1834 2289 2114 2353 exercita
2167 2287 2247 2351 ad
2293 2309 2481 2352 omne
2524 2287 2703 2373 flagi-

353 2376 517 2440 tium
562 2377 779 2460 patrui
823 2376 1085 2461 nuptiis.

528 2463 738 2550 Igitur
781 2464 957 2529 Nero
1009 2466 1210 2530 vitare
1268 2470 1547 2531 secretos
1603 2467 1740 2531 eius
1796 2487 2203 2553 congressus,
2258 2466 2701 2530 abscedentem
2730 2466 2771 2529 3

353 2706 502 2759 ihres
534 2706 857 2763 Einflusses.
926 2714 1010 2774 12,
1042 2715 1072 2762 7
1112 2711 1311 2778 cupido
1348 2714 1478 2765 auri
1512 2713 1764 2765 inmensa
1798 2714 2070 2767 obtentum
2104 2712 2348 2778 habebat,
2384 2711 2545 2780 quasi
2578 2711 2701 2763 sub-

354 2778 558 2830 sidiwm
584 2795 750 2847 reyno
768 2786 1082 2857 pararetur.
1106 2781 1242 2900 4³11.
1281 2782 1551 2847 infestam.
1609 2781 1714 2833 Die
1743 2780 1980 2834 Octavia
2012 2781 2090 2833 ist
2117 2780 2380 2849 gemeint.
2415 2781 2424 2851 Ι
2461 2786 2542 2834 12.
2573 2796 2700 2847 quo-

355 2863 460 2915 quo
496 2853 784 2914 terrarum,
819 2864 926 2901 w1e
954 2849 1077 2902 Ter.
1151 2849 1325 2902 horm.
1359 2855 1409 2917 3,
1438 2856 1489 2918 6,
1520 2855 1586 2902 18
1626 2866 1835 2919 quoquo
1862 2852 1991 2906 hine
2016 2851 2389 2918 asportabitur
2414 2858 2703 2917 terrarum,

354 2924 556 2971 certum
592 2924 670 2971 est
698 2920 978 2985 persequi,
1012 2919 1196 2973 Plaut.
1235 2935 1399 2973 merc.
1441 2926 1543 2974 857
1582 2927 1726 2974 certa
1761 2927 1885 2987 rest,
1920 2937 2003 2975 me
2037 2937 2205 2988 usque
2241 2937 2493 2989 quaerere
2528 2921 2704 2988 illam,

356 3002 567 3057 quoquo
622 3004 687 3042 ea
738 2989 867 3042 hinc
921 2990 1207 3044 abductast
1257 2991 1513 3060 gentium.
1576 2991 1585 3061 Ι
1647 2997 1729 3045 13.
1779 2992 1997 3046 audiret
2025 3023 2093 3031 -—
2120 2992 2472 3045 contumelias
2511 2991 2527 3017 ‘
2540 2991 2703 3044 horte

355 3059 505 3125 von',
545 3076 585 3111 s.
626 3075 695 3110 zu
731 3064 783 3127 4,
823 3065 908 3126 24,
950 3065 1031 3113 10.
1093 3062 1102 3131 Ι
1164 3065 1245 3114 14.
1285 3062 1538 3128 inmioeta,
1575 3060 1681 3115 wie
1719 3060 1850 3116 hist.
1888 3068 1950 3131 4,
1988 3067 2056 3116 85
2093 3079 2190 3116 nec
2217 3062 2412 3130 parvis
2441 3062 2704 3130 periculis

354 3128 640 3196 inmixtuS,
675 3128 791 3183 Liv.
814 3134 900 3198 26,
920 3135 1006 3198 37,
1032 3138 1054 3183 1
1078 3132 1253 3198 suariis
1280 3133 1497 3187 casibus
1521 3134 1761 3187 inmixti.
1797 3134 1805 3203 Ι
1840 3138 1921 3187 16.
1962 3140 2010 3188 et
2038 3165 2104 3174 --
2135 3133 2304 3186 nulla
2359 3132 2487 3201 Vgl.
2521 3137 2605 3201 13,
2633 3137 2700 3185 47

355 3206 406 3253 et
439 3200 652 3254 nullius
688 3202 816 3254 ausi
851 3218 1031 3269 capam
1067 3201 1183 3255 und
1221 3220 1261 3256 s.
1302 3221 1370 3255 zu
1410 3209 1459 3271 6,
1487 3208 1576 3272 46,
1607 3208 1688 3256 15.
1743 3205 1750 3273 Ι
1809 3205 2011 3259 durare
2052 3203 2195 3258 ‘sich
2231 3203 2544 3270 verharten,
2584 3201 2703 3256 sich

352 3268 411 3394 {in
444 3268 627 3324 seiner
652 3269 830 3324 Harte
859 3270 1176 3341 versteigen
1204 3273 1315 3341 zu’,
1352 3273 1460 3328 wie
1490 3281 1538 3342 1,
1571 3280 1602 3328 6
1639 3276 1701 3328 in
1727 3276 1939 3330 nullius
1973 3293 2231 3345 umquam
2267 3291 2491 3330 suorum
2525 3291 2704 3330 necem

390 3343 589 3396 uravit.

532 3411 592 3465 2.
651 3417 698 3466 1.
739 3401 893 3466 Uber
929 3412 1154 3467 Cluvius
1190 3414 1372 3469 Rufus
1409 3417 1524 3470 und
1564 3417 1674 3470 den
1709 3419 1958 3474 nachher
1995 3421 2320 3476 erwahnten
2346 3420 2557 3477 Fabius
2590 3424 2702 3477 Ru-

357 3481 531 3534 sticus
562 3500 601 3535 s.
634 3499 701 3535 zu
734 3489 818 3551 13,
847 3489 931 3538 20.
966 3487 974 3552 Ι
1006 3484 1110 3538 Die
1143 3484 1400 3556 Stellung
1426 3490 1741 3543 retinendae
1768 3490 1903 3560 ΑΨ.
1926 3494 2202 3560 potentiae
2230 3511 2274 3548 z.
2296 3492 2357 3546 B.
2389 3494 2532 3548 auch
2564 3501 2611 3562 1,
2633 3500 2699 3547 67

354 3552 521 3606 donec
558 3555 916 3624 expugnandi
950 3556 1121 3610 hostes
1155 3573 1247 3625 spe
1274 3560 1512 3626 propius
1547 3561 1873 3627 accederent,
1908 3562 2041 3630 Agr.
2081 3567 2149 3616 45
2187 3580 2313 3618 mox
2347 3572 2564 3619 nostrae
2601 3565 2700 3618 du-

354 3639 479 3676 xere
514 3623 837 3678 Helvidium
873 3625 937 3677 in
973 3642 1235 3680 carcerem
1269 3645 1482 3683 mamus.
1539 3629 1953 3700 Nachahmung
1991 3631 2090 3686 der
2119 3631 2366 3688 Dichter.
2400 3636 2407 3704 Ι
2442 3641 2489 3688 2.
2528 3637 2701 3690 medio

354 3693 465 3746 diei
503 3711 542 3746 s.
574 3711 642 3746 zu
673 3700 755 3762 12,
786 3700 872 3762 69,
905 3701 948 3748 1.
985 3697 993 3765 Ι
1025 3705 1073 3749 9.
1105 3699 1383 3765 profanus
1410 3702 1512 3767 est,
1551 3699 1651 3767 qui
1688 3717 1847 3754 sacra
1882 3702 2114 3772 vulgare
2152 3704 2340 3772 audet,
2377 3703 2529 3759 idem
2564 3705 2700 3775 fere,

354 3762 505 3831 quod
540 3765 792 3830 nefarius
828 3768 886 3819 et
920 3767 1138 3834 impius.
1199 3770 1207 3838 Ι
1270 3776 1349 3824 11.
1388 3771 1673 3825 disiectum
1713 3771 2008 3841 ‘vereitelt‚
2043 3773 2495 3845 hintertrieben’,
2533 3776 2697 3847 Verg.

351 3834 490 3888 Aen.
533 3839 580 3901 7,
619 3840 723 3888 339
761 3836 928 3890 disice
964 3840 1299 3906 conpositam
1326 3857 1536 3908 pacem,
1572 3840 1689 3896 Liv.
1730 3847 1825 3911 25,
1865 3849 1959 3912 14,
1997 3850 2028 3896 3
2067 3846 2198 3900 haec
2232 3848 2463 3901 consilia
2479 3857 2557 3888 '—
2587 3850 2697 3904 dis-

350 3906 488 3959 iecit.
533 3906 567 3986 Ι·
593 3910 676 3960 15.
714 3905 787 3960 M.
817 3905 1077 3987 Lepidus,
1117 3909 1216 3963 der
1253 3909 1373 3963 sich
1409 3910 1516 3965 mit
1550 3912 1820 3967 Lentulus
1857 3930 2040 3985 868611
2078 3915 2336 3986 Caligula
2371 3919 2698 3988 verschwor,

349 3976 507 4029 ward
550 3993 631 4028 1m
665 3976 714 4029 J.
753 3982 823 4030 40
867 3977 1262 4047 hmgerichtet.
1335 3981 1498 4036 Nach
1546 3982 1651 4036 Dio
1705 4001 1824 4038 war
1868 4002 1952 4054 er,
2009 3986 2270 4056 obgleich
2316 3987 2553 4044 Gemahl
2599 3990 2700 4044 der

349 4045 615 4127 Drusilla,
646 4047 743 4101 des
771 4047 1096 4103 Ehebruchs
1123 4050 1285 4105 nicht
1308 4070 1417 4105 nur
1441 4052 1549 4106 mit
1576 4054 1747 4108 deren
1769 4055 2079 4111 Schwester
2095 4057 2427 4128 Agrippina,
2457 4060 2697 4113 sondern

350 4118 496 4171 auch
531 4121 638 4171 mit
672 4118 827 4172 Julia
861 4119 1086 4189 Livilla,
1125 4121 1399 4176 ebenfalls
1437 4123 1591 4178 einer
1627 4124 1937 4181 Schwester
1975 4129 2072 4182 des
2107 4129 2379 4198 Caligula,
2420 4129 2693 4197 schuldig.

347 4187 604 4268 Letztere
640 4189 871 4243 wurden
907 4191 1054 4245 nach
1092 4191 1247 4246 einer
1280 4190 1431 4247 111861
1468 4194 1792 4265 deportiert.
1840 4202 1848 4266 Ι
1899 4204 1980 4252 16.
2012 4201 2306 4268 provoluta
2347 4197 2694 4267 ε6161661186,

350 4258 469 4312 81611
505 4275 589 4313 we
630 4259 918 4316 werfend'.
955 4262 962 4332 Ι
1008 4265 1245 4317 exercita
1278 4263 1384 4318 wie
1421 4264 1526 4334 ΚΡ.
1567 4272 1661 4333 56;
1704 4273 1787 4335 15,
1817 4274 1911 4337 453
1954 4275 2037 4338 16,
2067 4275 2133 4322 32
2172 4287 2224 4322 11.
2257 4285 2305 4321 a.
2350 4268 2562 4336 ι86111615,
2599 4284 2694 4334 86-

351 4328 580 4397 schult’,
654 4329 895 4385 lassisch
934 4332 1231 4404 ‘geplagt',
1270 4352 1310 4389 s.
1352 4341 1401 4404 3,
1431 4340 1517 4405 67,
1550 4342 1595 4391 7.
