3075 4800
1065 268 1283 321 LIBER
1319 268 1436 323 XII.
1494 268 1647 326 CAP.
1690 274 1914 323 14—17.
2573 268 2662 332 43

308 428 618 493 rebellem
645 428 1066 494 Mithridaten
1102 429 1591 495 ostentantibus,
1665 430 1866 516 igitur
1901 431 2221 516 pepigere,
2259 430 2660 514 equestribus

304 516 575 601 proeliis
618 516 924 582 Eunones
971 521 1270 603 certaret,
1320 518 1570 582 obsidia
1613 518 1871 582 urbium
1917 518 2194 583 Romani
2241 521 2658 602 capesserent.

492 600 672 669 Tunc
718 607 1078 690 composito
1126 607 1381 692 agmine
1428 607 1757 690 incedunt,
1813 607 1993 671 cuius
2039 607 2320 672 frontem
2366 610 2432 670 et
2478 609 2661 692 terga
2684 605 2765 669 16

305 691 534 776 Aorsi,
587 693 799 757 media
852 693 1150 759 cohortes
1205 698 1271 758 et
1313 693 1674 778 Bosporani
1728 695 2106 759 tutabantur
2157 694 2396 759 nostris
2452 694 2520 758 in
2565 716 2660 758 ar-

310 782 456 845 mis.
500 858 509 867 ·
540 780 630 845 sic
668 781 893 865 pulsus
927 781 1154 867 hostis,
1190 786 1582 868 ventumque
1620 782 1866 867 Sozam,
1903 784 2211 868 oppidum
2248 782 2661 867 Dandaricae,

304 869 488 952 quod
544 869 866 934 desertum
923 893 961 934 a
1005 870 1379 935 Mithridate
1435 870 1517 934 ob
1575 870 1913 957 ambiguos
1957 872 2367 955 popularium
2413 872 2660 935 animos

310 956 596 1021 obtineri
649 958 877 1024 relicto
932 958 1024 1022 ibi
1068 959 1387 1043 praesidio
1433 959 1660 1023 visum.
1753 959 1903 1023 exin
1948 961 2016 1023 in
2063 958 2317 1024 Siracos
2361 964 2657 1046 pergunt,
2677 985 2704 1025 s

310 1048 379 1108 et
440 1047 824 1131 transgressi
888 1068 1142 1111 amnem
1204 1046 1490 1111 Pandam
1556 1048 2066 1112 circumveniunt
2128 1047 2354 1112 urbem
2418 1047 2658 1132 Uspen,

306 1132 551 1197 editam
597 1133 741 1198 loco
788 1138 855 1199 et
897 1135 1235 1200 moenibus
1281 1157 1354 1200 ac
1399 1135 1591 1200 fossis
1635 1137 1970 1220 munitam,
2015 1137 2141 1201 nisi
2188 1136 2360 1221 quod
2406 1137 2660 1200 moenia

304 1240 444 1285 non
496 1240 676 1306 saxo,
734 1223 845 1286 sed
899 1224 1182 1288 cratibus
1238 1226 1304 1286 et
1355 1224 1657 1288 vimentis
1705 1245 1778 1288 ac
1822 1225 2033 1289 media
2075 1223 2274 1288 humo
2322 1224 2658 1288 adversum

308 1309 747 1393 inrumpentes
812 1311 1094 1375 invalida
1157 1315 1364 1396 erant3
1392 1340 1399 1347 ·
1428 1312 1819 1396 eductaeque
1885 1312 2077 1377 altius
2142 1315 2351 1376 turres
2408 1311 2657 1376 facibus

304 1400 501 1480 atque
562 1397 764 1462 hastis
828 1399 1178 1463 turbabant
1242 1399 1553 1464 obsessos.
1655 1422 1729 1464 ac
1791 1400 1860 1463 ni
1920 1401 2238 1484 proelium
2301 1420 2433 1464 nox
2496 1400 2658 1464 dire-
2678 1426 2729 1464 ιο

302 1486 548 1568 misset,
594 1490 822 1570 coepta
864 1490 1243 1571 patrataque
1290 1489 1683 1573 expugnatio
1731 1488 2002 1552 eundem
2049 1490 2220 1571 intra
2263 1489 2434 1553 diem
2468 1488 2655 1552 foret.

486 1572 757 1639 Postero
805 1576 1034 1639 misere
1080 1575 1346 1661 legatos,
1390 1577 1644 1640 veniam
1689 1576 1910 1641 liberis
1957 1577 2333 1660 corporibus
2373 1575 2761 1663 orantes317

296 1662 553 1727 servitii
607 1663 826 1727 decem
882 1664 1062 1727 milia
1116 1663 1485 1728 offerebant.
1580 1664 1753 1749 quod
1798 1665 2120 1749 aspernati
2166 1669 2317 1729 sunt
2361 1665 2657 1748 victores,

303 1750 458 1833 quia
510 1751 829 1821 trucidare
883 1751 1134 1816 deditos
1191 1773 1476 1835 saevum,
1533 1755 1781 1816 tantam
1838 1753 2321 1817 multitudinem
2368 1752 2659 1817 custodia

296 1838 561 1923 cingere
626 1839 921 1903 arduum:
985 1840 1141 1905 belli
1201 1840 1420 1924 potius
1484 1840 1623 1904 iure
1688 1841 2011 1925 caderent,
2077 1841 2428 1924 datumque
2490 1840 2658 1904 mili-

302 1925 509 2011 tibus,
563 1928 676 2012 qui
721 1928 907 1992 scalis
954 1931 1302 2012 evaserant,
1349 1929 1606 2013 signum
1653 1929 1878 1994 caedis.
1970 1930 2218 1993 excidio
2264 1928 2656 2012 Uspensium
2675 1954 2702 1994 5

298 2018 515 2079 metus
577 2016 805 2080 ceteris
869 2017 1168 2101 iniectus,
1228 2015 1395 2080 nihil
1460 2020 1676 2081 tutum
1731 2018 1917 2101 ratis,
1985 2039 2131 2082 cum
2185 2039 2389 2101 arma,
2451 2018 2659 2081 muni-

302 2105 549 2187 menta,
614 2104 908 2187 impediti
962 2104 1066 2169 vel
1119 2105 1472 2169 eminentes
1526 2104 1655 2169 loci
1709 2126 2054 2189 amnesque
2109 2108 2175 2170 et
2228 2105 2420 2170 urbes
2476 2106 2658 2169 iuxta

305 2196 888 2275 perrumperentur.
980 2194 1181 2278 igitur
1235 2192 1561 2277 Zorsines,
1617 2193 1729 2256 diu
1772 2194 2123 2277 pensitato,
2178 2192 2656 2257 Mithridatisne

300 2278 496 2343 rebus
560 2281 863 2345 extremis
928 2302 1010 2343 an
1074 2281 1286 2364 patrio
1350 2302 1552 2366 regno
1619 2281 2007 2366 consuleret,
2069 2284 2414 2365 postquam
2476 2303 2658 2365 prae-

303 2367 510 2432 valuit
562 2367 823 2454 gentilis
878 2368 1152 2453 utilitas,
1209 2369 1375 2434 datis
1432 2369 1763 2435 obsidibus
1820 2370 1990 2455 apud
2036 2369 2319 2456 effigiem
2367 2367 2655 2435 Caesaris
2676 2395 2727 2434 ιο

300 2456 648 2540 procubuit
708 2480 943 2543 magna
995 2458 1205 2544 gloria
1260 2459 1577 2523 exercitus
1632 2458 1937 2542 Romani,
2000 2480 2192 2543 quem
2248 2460 2655 2522 incruentum

302 2547 370 2609 et
413 2545 721 2610 victorem
768 2546 967 2610 tridui
1012 2547 1243 2610 itinere
1290 2546 1525 2611 afuisse
1574 2546 1653 2611 ab
1693 2568 1878 2611 amne
1915 2546 2115 2611 Tanai
2154 2547 2461 2610 constitit.
2544 2546 2656 2610 sed

299 2806 348 2846 c.
386 2788 540 2844 infin.
579 2790 724 2844 auch
759 2797 820 2859 4,
849 2795 945 2858 45,
990 2789 1139 2844 nach
1176 2789 1308 2845 Sall.
1337 2789 1405 2844 fr.
1434 2796 1495 2858 4,
1525 2795 1594 2844 56
1623 2790 1738 2858 Kr.,
1776 2795 1844 2843 31
1872 2790 1939 2845 D.
1973 2791 1982 2860 Ι
2017 2795 2099 2844 12.
2138 2789 2252 2843 Der
2285 2788 2467 2842 blosse
2494 2788 2647 2842 Kon-

310 2858 529 2913 ‘unktiv
579 2860 728 2914 nach
767 2862 1028 2942 pepigere
1081 2860 1189 2915 πίε
1243 2860 1390 2915 nach
1436 2862 1795 2929 perpulerant
1847 2859 1978 2914 hist.
2009 2865 2060 2927 4,
2091 2865 2160 2913 20
2216 2858 2370 2913 steht
2421 2858 2481 2912 in
2536 2858 2654 2912 An-

296 2878 551 3000 lehnung
596 2948 670 2985 an
725 2931 818 2985 die
854 2931 1042 2985 Verba
1079 2931 1177 2985 des
1214 2931 1490 2985 Forderns
1526 2931 1645 2985 und
1681 2929 2019 2985 Antreibens
2054 2929 2165 2999 vgl.
2196 2936 2245 2999 2,
2274 2935 2344 2983 40
2379 2930 2653 2997 hortatur,

294 3002 522 3068 adeant,
557 3007 609 3071 4,
641 3007 709 3055 74
742 3002 1138 3072 efflayitabamt,
1176 3003 1419 3070 facerent
1453 3020 1506 3055 u.
1537 3018 1589 3056 a.

480 3070 580 3126 16.
618 3077 681 3128 2.,
704 3074 906 3127 nostris
950 3074 1016 3127 in
1051 3073 1244 3128 armis.
1318 3071 1424 3126 Die
1469 3072 1821 3141 Bosporaner
1862 3086 2053 3125 waren
2097 3070 2243 3140 also,
2295 3070 2402 3125 πίε
2448 3086 2507 3125 es
2552 3069 2650 3124 bei

296 3142 1001 3197 verbundetenBarbaren
1037 3142 1284 3212 vorkam,
1318 3143 1467 3197 nach
1503 3141 1812 3197 romischer
1845 3140 2037 3197 Weise
2071 3140 2390 3197 bewaffnet.
2424 3141 2516 3265 Εἰ.
2549 3157 2653 3221 po-

291 3214 588 3282 pularium
622 3215 764 3267 statt
790 3215 1014 3282 populi,
1051 3213 1132 3267 im
1166 3213 1515 3285 Gegensatze
1553 3229 1737 3283 gegen
1775 3212 1867 3267 die
1903 3213 2180 3267 Fremden
2223 3214 2390 3266 unter
2507 3211 2653 3265 thn-

299 3283 482 3338 dates.
551 3286 561 3353 Ι
627 3288 676 3338 6.
713 3283 829 3338 Der
862 3283 1019 3338 Fluss
1054 3284 1252 3339 Panda
1295 3283 1374 3338 ist
1419 3282 1813 3353 ebensowenig
1855 3282 2113 3337 bekannt
2155 3282 2262 3337 πίε
2310 3282 2403 3336 die
2449 3281 2649 3336 Stadte

304 3353 449 3408 Soza
484 3354 602 3426 und
636 3353 802 3424 Uspe.
837 3357 846 3425 Ι
881 3360 929 3409 7.
965 3355 1081 3426 nzjsi
1114 3356 1260 3424 quod
1297 3355 1435 3410 ‘nur'
1460 3353 1604 3423 dass,
1643 3354 1780 3409 aber
1814 3353 2057 3407 freilich’
2098 3352 2445 3408 beschrankt
2477 3353 2652 3406 nach-

298 3424 550 3494 traglich
604 3423 698 3479 ein
741 3424 923 3479 Urteil
975 3426 1123 3480 nach
1177 3425 1307 3479 dem
1350 3424 1623 3495 Vorgang
1675 3442 1784 3479 von
1828 3424 1938 3479 Cic.
1979 3424 2052 3477 ad
2098 3424 2230 3479 fam.
2264 3428 2350 3491 13,
2382 3430 2430 3491 1,
2459 3429 2491 3477 2
2529 3440 2651 3478 cum

298 3496 543 3551 Patrone
580 3495 852 3565 Epicurio
897 3497 1034 3550 mihi
1077 3497 1264 3551 omnia
1307 3502 1463 3563 sunt,
1508 3497 1625 3550 nisi
1659 3495 1805 3564 quod
1839 3496 1904 3550 v‘m
1939 3495 2290 3564 philosophia
2323 3495 2655 3550 vehementer

299 3568 371 3622 ab
409 3582 470 3621 eo
505 3567 788 3634 dissentio,
831 3566 942 3636 vgl.
975 3572 1023 3634 1,
1053 3571 1121 3620 33
1158 3569 1285 3636 ipsa
1320 3567 1644 3637 Agrippina
1670 3566 1847 3636 paulo
1883 3567 2213 3632 commotior,
2248 3565 2365 3619 nisi
2399 3565 2544 3634 quod
2581 3596 2651 3605 —

300 3640 554 3693 animum
589 3638 654 3692 v'm
688 3638 887 3693 bamam
921 3639 1158 3693 vertebat
1166 3658 1188 3705 ,·
1228 3643 1320 3704 14,
1343 3642 1410 3690 14
1446 3639 1562 3691 nisi
1596 3638 1741 3705 quod
1774 3652 1971 3691 merces
1997 3638 2095 3690 ctt.
2130 3638 2139 3704 Ι
2171 3640 2221 3689 8.
2260 3633 2367 3689 Die
2394 3632 2652 3688 Ablativi

297 3724 438 3765 saxo
483 3710 581 3763 ctt.
627 3707 721 3762 fur
763 3725 831 3763 ex
869 3724 1007 3763 saxo
1044 3710 1142 3762 ctt.
1182 3707 1310 3761 sind
1354 3706 1621 3761 Ablative
1664 3706 1764 3761 des
1814 3705 2043 3774 Stoffes,
2088 3706 2231 3759 fiber
2275 3705 2449 3759 deren
2491 3703 2653 3759 nicht

300 3778 579 3848 seltenen,
626 3778 806 3833 selbst
848 3776 1199 3832 klassischen
1244 3777 1545 3833 Gebraueh
1590 3795 1634 3831 s.
1681 3795 1752 3830 zu
1798 3784 1831 3831 2
1845 3821 1859 3846 ,
1897 3781 1964 3830 33
1979 3821 1993 3844 ,
2023 3782 2071 3830 3.
2123 3782 2132 3844 Ι
2180 3778 2475 3832 vimentum
2511 3777 2654 3829 statt

297 3851 493 3904 vimen.
536 3851 545 3920 Ι
586 3856 636 3905 9.
672 3856 852 3905 turres
887 3881 955 3890 —
982 3851 1296 3918 turbabant,
1336 3847 1461 3903 eine
1495 3846 1981 3917 Personifikation,
2018 3845 2125 3902 πίε
2161 3846 2346 3902 Germ.
2375 3853 2447 3901 44
2476 3863 2656 3916 prora

291 3926 806 4044 paratsssszserngper
849 3921 1115 3989 adpulsui
1157 3921 1392 3988 frontem
1435 3921 1569 3990 ayit.
1644 3907 1809 3974 oster
1851 3919 1956 3972 hat
1991 3918 2122 3973 Tac.
2168 3934 2283 3973 nox
2319 3917 2438 3971 und
2474 3934 2659 3973 annus

342 4006 465 4045 erso
596 4007 652 4045 ιε
711 4034 722 4045 .

298 4008 340 4061 P
483 4060 581 4116 17.
621 4067 670 4115 1.
701 4068 920 4131 poste-ro
955 4061 1101 4115 ohne
1129 4062 1234 4131 die,
1263 4060 1372 4131 vgl.
1403 4067 1455 4129 4,
1483 4065 1555 4114 45
1592 4077 1718 4115 eum
1740 4066 1957 4129 postero
1984 4060 2061 4113 ad
2085 4060 2451 4127 quaestionem
2476 4065 2654 4114 retra·

299 4131 533 4187 heretum
567 4132 577 4202 Ι
612 4137 661 4186 7.
699 4133 949 4202 impediti
982 4132 1066 4187 vel
1100 4133 1392 4187 eminentes
1427 4133 1548 4187 loci.
1622 4129 1754 4184 Wie
1790 4129 1931 4200 Kap.
1966 4135 2050 4198 12,
2081 4136 2113 4183 2
2150 4136 2275 4198 aut,
2313 4146 2374 4183 so
2410 4127 2533 4182 hier
2570 4129 2654 4183 vel

300 4201 421 4255 fast
447 4228 516 4247 ==
543 4209 608 4270 et,
646 4202 756 4273 vgl.
787 4207 837 4271 6,
866 4208 935 4257 38
973 4204 1109 4273 quin
1142 4203 1355 4258 incerta
1390 4202 1474 4256 vel
1508 4202 1719 4257 abolita
1746 4216 1856 4270 pro
1890 4201 2227 4272 yravissimis
2261 4207 2313 4255 et
2345 4199 2651 4255 recentibus

297 4274 546 4342 puniret,
586 4278 671 4341 14,
702 4279 732 4327 7
770 4276 881 4328 sive
906 4275 1131 4328 servitia
1159 4279 1399 4329 armaret
1430 4275 1515 4328 vel
1550 4272 1775 4327 militem
1810 4271 2138 4338 accenderet,
2168 4273 2280 4325 sive
2307 4270 2383 4324 ad
2406 4274 2655 4324 senatum

302 4349 357 4398 et
386 4345 658 4413 populum
685 4345 1029 4413 pervaderet,
1068 4341 1198 4399 hist.
1231 4349 1279 4412 1,
1309 4349 1377 4397 62
1422 4350 1487 4399 ut
1528 4345 1581 4397 si
1624 4344 1831 4398 adesset
1874 4344 2172 4411 imperator
2207 4347 2259 4395 et
2301 4341 2538 4394 strenuis
2572 4340 2657 4394 vel

307 4414 532 4484 iynavis
566 4432 709 4485 spem
748 4422 1006 4472 metumve
1041 4415 1280 4470 adderet.
1314 4416 1323 4485 Ι
1356 4419 1405 4469 8.
1438 4415 1714 4482 pensitato
1750 4411 2038 4467 absolutor
2062 4408 2294 4464 Ablativ
2328 4408 2435 4462 πίε
2465 4414 2514 4478 3,
2531 4409 2650 4479 52.Ι
