3075 4800
1066 243 1282 297 LIBER
1317 243 1432 296 XII.
1492 243 1646 298 CAP.
1686 249 1914 298 64—66.
2586 243 2622 307 7
2629 244 2672 306 5

300 406 550 471 maiore
587 405 855 491 flagitio,
893 427 1084 488 quam
1124 405 1181 469 si
1217 405 1662 488 inpudicitiam
1699 406 1933 489 prioris
1963 406 2109 470 coni
2201 406 2256 470 is
2284 405 2665 470 reticuisset.

305 516 699 579 quamquam
743 515 825 556 ne
873 493 1317 577 inpudicitiam
1365 494 1625 578 quidem
1669 515 1841 559 nunc
1887 494 2108 559 abesse
2206 494 2443 558 allante
2491 493 2668 558 adul-

303 588 477 667 tero,
539 604 621 647 ne
687 583 832 666 quis
897 583 1184 669 ambigat
1238 582 1430 647 decus
1485 581 1799 666 pudorem
1853 603 2114 667 corpus,
2178 586 2409 647 cuncta
2463 603 2665 668 regno

303 672 537 738 viliora
580 670 820 735 haberi.
901 670 1061 735 haec
1097 674 1290 754 atque
1326 671 1485 735 talia
1521 671 1824 736 dictitans
1862 671 2165 754 amplecti
2201 672 2667 756 Britannicum,

299 761 505 825 robur
550 760 778 825 aetatis
825 781 1018 843 quam
1065 761 1516 824 maturrimum
1561 761 1835 842 precari,
1887 759 2078 823 modo
2126 759 2207 823 ad
2253 760 2424 843 deos,
2470 759 2664 824 modo
2686 784 2737 825 15

307 849 387 912 ad
425 849 640 932 ipsum
676 848 936 912 tendere
972 869 1219 932 manus,
1265 847 1675 931 adolesceret,
1720 848 1924 931 patris
1961 849 2259 913 inimicos
2297 848 2665 932 depelleret,

309 937 536 1003 matris
583 937 777 1000 etiam
824 936 1267 1001 interfectores
1312 936 1743 1001 ulcisceretur.

488 1022 567 1089 In
619 1028 803 1089 tanta
854 1024 1025 1088 mole
1072 1046 1367 1089 curarum
1414 1025 1780 1089 valetudine
1827 1024 2093 1089 adversa
2137 1025 2509 1109 corripitur,
2564 1047 2661 1089 re·
2680 1024 2766 1088 66

306 1114 728 1197 fovendisque
792 1114 1037 1178 viribus
1091 1114 1371 1177 mollitia
1424 1113 1586 1178 caeli
1640 1117 1706 1177 et
1762 1113 2138 1178 salubritate
2197 1135 2506 1198 aquarum
2564 1111 2660 1177 Si-

301 1224 602 1269 nuessam
647 1202 878 1288 pergit.
960 1205 1101 1267 tum
1138 1199 1517 1288 Agrippina,
1566 1201 1823 1266 sceleris
1871 1202 2027 1266 olim
2073 1205 2250 1267 certa
2295 1206 2360 1266 et
2408 1200 2662 1265 oblatae

305 1291 692 1356 occassionis
744 1311 1020 1374 propera
1076 1312 1195 1354 nec
1249 1291 1695 1355 ministrorum
1751 1312 1974 1376 egens,
2025 1290 2103 1354 de
2151 1312 2384 1376 genere
2431 1291 2667 1354 veneni

303 1379 718 1463 consultavit,
780 1400 863 1442 ne
925 1380 1264 1462 repentino
1329 1383 1395 1443 et
1447 1378 1786 1462 praecipiti
1839 1378 2088 1443 facinus
2141 1379 2550 1463 proderetur3
2609 1379 2665 1443 si
2685 1403 2712 1444 ⁶

301 1466 553 1533 lentum
608 1471 675 1533 et
728 1467 1020 1531 tabidum
1077 1466 1446 1553 delegisset,
1499 1489 1582 1531 ne
1639 1467 1936 1532 admotus
1992 1468 2309 1551 supremis
2359 1466 2665 1532 Claudius

304 1560 373 1621 et
426 1555 577 1620 dolo
630 1556 957 1621 intellecto
1005 1555 1086 1619 ad
1132 1577 1416 1620 amorem
1461 1556 1583 1619 filii
1627 1556 1882 1620 rediret.
1975 1557 2369 1640 exquisitum
2419 1555 2666 1640 aliquid

300 1644 612 1729 placebat,
659 1644 833 1728 quod
876 1644 1167 1708 turbaret
1213 1648 1494 1708 mentem
1543 1648 1609 1708 et
1653 1648 1930 1709 mortem
1968 1645 2270 1710 differret.
2358 1645 2668 1731 deligitur

305 1733 541 1799 artifex
607 1732 837 1798 talium
891 1732 1205 1797 vocabulo
1261 1733 1567 1817 Locusta,
1630 1755 1837 1816 nuper
1889 1734 2183 1798 veneficii
2239 1733 2542 1797 damnata
2599 1735 2666 1799 et

302 1821 414 1885 diu
469 1823 638 1886 inter
690 1822 1119 1885 instrumenta
1162 1823 1347 1907 regni
1392 1822 1631 1886 habita.
1724 1823 1862 1885 eius
1908 1822 2198 1886 mulieris
2244 1822 2507 1908 ingenio
2555 1844 2664 1906 pa·
2686 1846 2738 1885 ιο

303 2048 533 2102 andern.
594 2050 603 2119 1
646 2053 728 2103 11.
767 2051 972 2104 maiore
1006 2051 1219 2120 flayitio
1256 2066 1331 2103 sc.
1369 2050 1460 2103 sui
1498 2049 1639 2102 ‘und
1677 2049 1778 2102 das
1817 2048 2006 2130 (ruhig
2042 2048 2148 2101 mit
2187 2047 2523 2116 anzusehen,
2561 2064 2659 2116 ge-

305 2119 551 2173 schehen
586 2137 656 2172 zu
691 2119 899 2189 lassen)
935 2125 1085 2174 ware
1123 2119 1249 2173 eine
1354 2119 1534 2174 ofsere
1564 2118 2028 2173 Schandlichkeit
2054 2136 2166 2173 von
2202 2118 2362 2173 ihm’.
2415 2118 2501 2171 Im
2527 2117 2657 2172 Abl.

303 2191 454 2245 modi
499 2189 703 2260 (einem
738 2189 1084 2244 Adverbium
1130 2191 1228 2244 des
1317 2190 1476 2244 rteils
1522 2189 1934 2260 vergleichbar)
1979 2188 2122 2258 liegt
2169 2188 2262 2242 die
2307 2188 2507 2244 Pointe
2557 2188 2656 2241 des

304 2260 659 2329 Gedankens,
689 2277 749 2314 er
783 2260 969 2315 bildet
1005 2261 1107 2315 das
1135 2260 1386 2331 logische
1414 2260 1708 2329 Priidikat,
1736 2259 1848 2330 vgl.
1879 2260 2128 2314 Heraeus
2159 2277 2228 2312 zu
2255 2258 2386 2313 hist.
2409 2265 2460 2326 2,
2481 2265 2569 2328 46,
2593 2264 2660 2312 10

299 2333 506 2386 maiore
540 2333 727 2386 animo
762 2333 989 2386 tolerari
1032 2334 1264 2387 adversa
1308 2349 1472 2402 quam
1515 2333 1758 2402 relinqui
1811 2333 1916 2403 (‘es
1976 2347 2149 2401 zeuge
2187 2347 2298 2384 von
2352 2330 2665 2401 grosserem

300 2403 472 2472 Mut')
508 2403 624 2456 und
662 2421 703 2458 e.
734 2421 803 2458 zu
839 2419 969 2459 ann.
1003 2408 1050 2473 1,
1084 2408 1167 2472 18,
1198 2410 1229 2457 9
1270 2405 1463 2458 leviore
1496 2406 1709 2474 flagitio
1747 2405 1794 2458 le
1830 2410 1983 2457 atum
2017 2403 2353 2471 interficietis
2389 2420 2555 2472 quam
2593 2403 2664 2456 ab

301 2476 624 2543 imperatore
660 2475 968 2529 desciscitis.
1002 2477 1011 2543 Ι
1047 2480 1129 2528 12.
1169 2476 1429 2529 Pallante
1465 2477 1730 2530 adultero,
1823 2474 1876 2528 ie
1914 2473 2128 2544 beging
2163 2474 2487 2543 uberhaupt
2515 2472 2662 2527 Ehe-

300 2545 481 2598 bruch
517 2562 585 2598 zu
621 2544 962 2614 politisohen
998 2545 1284 2600 Zwecken.
1349 2545 1478 2616 Vgl.
1511 2551 1596 2613 14,
1625 2552 1657 2599 2
1697 2563 1789 2599 am
1825 2545 1999 2599 Euae.
2035 2549 2043 2615 ι
2079 2551 2160 2600 13.
2200 2532 2354 2599 Uber
2390 2545 2663 2615 ambigere

300 2615 407 2670 mit
442 2616 572 2671 Acc.
612 2632 657 2671 c.
695 2614 797 2669 inf.
837 2633 877 2669 s.
918 2633 988 2669 zu
1027 2621 1077 2685 6,
1106 2622 1193 2686 28,
1223 2622 1307 2672 24.

480 2703 581 2760 66.
622 2708 669 2759 1.
707 2705 1017 2759 valetudine
1052 2706 1297 2759 adversa.
1354 2704 1430 2758 Er
1464 2705 1626 2758 hatte
1665 2705 1767 2759 das
1796 2704 2072 2773 Podagra.
2130 2702 2239 2756 Dio
2270 2708 2356 2770 60,
2385 2708 2455 2756 34
2491 2701 2664 2758 ὕδασι

304 2783 423 2837 τοῖς
460 2774 578 2829 ἐκεῖ
609 2775 750 2843 πρὸς
774 2775 877 2844 τὴν
913 2774 1213 2845 ποδάγραν
1249 2775 1609 2845 χρησόμενον.
1645 2775 1654 2847 Ι
1687 2781 1736 2830 2.
1768 2774 2033 2829 Sinuessa
2061 2790 2135 2827 an
2166 2773 2266 2839 der
2293 2773 2469 2828 Kfiste
2500 2772 2662 2826 Cam-

302 2845 1157 2972 pgahnssengobvgprdedlurggnffiivmg
1210 2863 1383 2969 {aff
1386 2862 1456 2970 671
1494 2845 2076 2988 {aadltllberpzlii-idzptgrius
2098 2848 2225 2967 'mila'
2253 2844 2666 2967 (fggergznczlgpvi

305 3004 346 3041 s.
386 3006 454 3041 zu
494 2993 580 3057 11,
608 2994 694 3056 26,
726 2993 808 3042 10.
843 2989 851 3055 Ι
886 2993 933 3043 5.
973 2961 1315 3054 consultavit,
1353 3004 1421 3042 ne
1582 3003 1668 3053 ne,
1704 2985 1816 3056 vgl.
1857 2985 1968 3039 Cic.
2010 2985 2080 3038 de
2111 2982 2203 3038 off.
2234 2989 2285 3052 2,
2317 2988 2365 3052 7,
2395 2989 2461 3037 25
2495 3001 2661 3053 prae·

299 3060 544 3113 mittebat
578 3060 644 3113 de
669 3059 1026 3127 stipatoribus
1051 3060 1184 3124 suis,
1222 3060 1319 3127 qui
1344 3064 1724 3112 scrutarentur
1751 3057 1972 3112 arculas
2001 3056 2285 3110 muliebres
2312 3061 2382 3121 et,
2417 3072 2486 3109 ne
2515 3055 2664 3124 quod

302 3130 368 3182 in
418 3130 748 3185 vestimentis
800 3131 966 3183 telum
1020 3131 1404 3197 occultaretur,
1460 3130 1818 3198 exquirerent.
1897 3128 2007 3181 ‘Ne
2062 3125 2292 3181 ahnlich
2347 3124 2455 3179 wie
2511 3125 2662 3179 nach

303 3200 486 3254 videre
539 3200 656 3253 und
711 3200 824 3253 den
858 3200 1084 3253 Verben
1139 3199 1237 3253 des
1284 3199 1595 3254 Fsirchtens
1652 3198 1946 3268 dasjenige
2003 3196 2338 3265 einleitend‚
2385 3213 2503 3250 was
2557 3196 2662 3250 das

301 3271 749 3340 fibergeordnete
788 3270 1027 3339 Subjekt
1064 3286 1201 3341 gern
1238 3272 1500 3325 verhfitet
1552 3269 1757 3325 wissen
1793 3270 2041 3324 mochte:
2090 3267 2342 3322 Deutsch
2381 3269 2475 3322 ‘ob
2517 3267 2664 3321 auch

301 3340 462 3395 nicht
497 3342 686 3410 etwa’,
725 3342 860 3395 aber
893 3340 1054 3394 nicht
1090 3341 1197 3394 mit
1231 3338 1305 3395 ne‘
1340 3359 1409 3394 zu
1445 3341 1837 3396 verwechseln.
1891 3341 1963 3395 So
2003 3338 2114 3395 Cic.
2145 3339 2221 3394 ad
2256 3339 2389 3394 fam.
2411 3344 2496 3407 15,
2520 3344 2604 3407 14,
2627 3343 2663 3391 4

302 3414 612 3480 considera,
666 3430 735 3466 ne
788 3414 852 3465 in
915 3413 1329 3467 alienissumum
1390 3420 1599 3481 tempus
1652 3414 1817 3468 cadat
1871 3412 2136 3466 adventus
2189 3418 2343 3477 tuus,
2401 3409 2476 3463 ad
2525 3408 2661 3462 fam.

303 3488 355 3550 4,
375 3490 424 3551 9,
444 3489 479 3536 4
533 3490 703 3551 caput
758 3483 901 3537 illud
957 3489 1057 3550 est,
1106 3489 1170 3538 ut
1234 3484 1286 3537 si
1346 3485 1456 3538 ista
1516 3485 1638 3538 vita
1690 3484 1794 3537 tibi
1848 3482 2174 3537 commodior
2227 3497 2335 3536 esse
2388 3481 2661 3549 videatur,

303 3554 655 3624 coyitandum
706 3559 889 3608 tamen
941 3555 1039 3620 sit,
1091 3571 1160 3608 ne
1194 3555 1366 3608 tutior
1400 3569 1515 3608 non
1560 3555 1658 3620 sit,
1693 3553 1877 3605 Plaut.
1915 3551 2032 3605 mil.
2066 3556 2201 3604 1137
2248 3552 2663 3620 circumspicite,

303 3640 373 3681 ne
419 3625 541 3692 quis
587 3624 735 3680 adsit
779 3624 1025 3682 arbiter’.
1091 3623 1149 3679 C.
1186 3623 1244 3679 F.
1281 3624 1370 3679 W.
1407 3623 1627 3678 Mffller.
1681 3624 1690 3696 Ι
1738 3624 2019 3691 repentino
2063 3628 2115 3676 et
2152 3622 2450 3689 praecipiti
2497 3647 2564 3667 =
2611 3622 2662 3675 si

303 3695 650 3761 repentinum
674 3702 723 3749 et
741 3712 1003 3764 praeceps
1029 3696 1318 3766 delegisset.
1345 3695 1352 3766 Ι
1379 3700 1426 3750 7.
1458 3701 1508 3748 et
1532 3695 1682 3748 nach
1710 3695 1960 3748 admotus
1988 3690 2340 3761 iiberflfissig,
2371 3709 2411 3746 s,
2447 3698 2496 3762 1,
2517 3697 2604 3760 55,
2625 3696 2658 3744 3

304 3763 468 3833 (Kap.
499 3768 593 3830 67,
634 3767 700 3833 5).
811 3770 859 3821 8.
910 3767 1055 3835 quod
1097 3768 1341 3821 turbaret
1393 3772 1633 3819 mentem.
1717 3763 1903 3817 Wenn
1950 3778 2011 3817 er
2057 3763 2242 3817 davon
2286 3761 2662 3833 besinnungs-

303 3834 390 3892 los
427 3834 612 3903 ward,
653 3852 713 3890 so
790 3840 963 3890 onnte
1001 3836 1104 3890 das
1133 3835 1294 3890 nicht
1331 3835 1634 3905 auffallen,
1669 3834 1800 3889 weil
1838 3850 1898 3888 er
1935 3833 2054 3887 sich
2094 3833 2178 3887 oft
2214 3833 2367 3888 heim
2402 3834 2561 3888 Mahl
2599 3851 2660 3888 so

302 3905 641 3961 berauschte
655 3950 668 3974 ,
725 3907 850 3961 dass
905 3923 1040 3961 man
1093 3906 1195 3960 ihn
1239 3906 1647 3976 hinaustragen
1692 3905 1914 3959 mufste.
1986 3909 1994 3975 Ι
2063 3909 2111 3958 9.
2149 3906 2473 3960 vocabulum
2510 3924 2551 3960 s.
2592 3923 2662 3958 zu

301 3976 441 4047 Kap.
484 3982 579 4046 27,
618 3982 667 4032 3.
728 3980 737 4047 Ι
795 3979 1038 4032 Locusta
1081 3977 1327 4032 bereitet
1373 3978 1519 4032 auch
1557 3978 1659 4032 das
1699 3976 1846 4045 Gift,
1885 3976 2063 4029 durch
2098 3975 2337 4031 welches
2374 3975 2662 4031 Britanni·

305 4064 400 4102 cus
437 4047 518 4102 im
552 4049 601 4102 J.
634 4053 702 4102 55
739 4050 961 4118 getotet
1015 4048 1170 4103 wird.
1244 4048 1375 4102 Erst
1429 4051 1596 4103 unter
1644 4047 1829 4101 Galba
1882 4047 2036 4102 ward
2093 4045 2174 4101 sie
2228 4048 2398 4101 nebst
2443 4047 2661 4115 Helius,

302 4118 602 4173 Patrobius
639 4119 758 4172 und
794 4119 1039 4176 anderen
1079 4118 1457 4188 Gfinstlingen
1494 4119 1594 4172 des
1630 4119 1782 4173 Nero
1819 4117 2216 4187 hingerichtet.
2268 4119 2276 4187 Ι
2331 4122 2412 4172 10.
2452 4119 2659 4171 instru-

301 4196 484 4245 menta
510 4191 669 4260 reyni
699 4190 985 4258 ‘Hausrat,
1012 4190 1291 4259 Inventar,
1318 4191 1628 4244 Faktotum
1655 4190 1754 4243 des
1772 4188 1990 4257 Hofes’,
2019 4188 2131 4257 vgl.
2153 4187 2287 4257 (Cic.
2309 4187 2466 4241 Verr.
2486 4191 2520 4238 4
2541 4192 2571 4251 ξ
2591 4190 2659 4238 97

301 4262 367 4313 in
400 4261 761 4315 instrumento
796 4267 959 4329 atque
985 4262 1310 4329 supellectile
1345 4261 1552 4330 Verris)
1578 4259 1711 4314 hist.
1745 4264 1793 4328 1,
1822 4265 1889 4312 22
1919 4260 2114 4313 multos
2139 4264 2342 4312 secreta
2370 4258 2663 4324 Poppaeae

301 4332 721 4398 mathematicos,
761 4332 1057 4400 pessimum
1093 4332 1430 4400 principalis
1473 4332 1814 4386 matrimonii
1857 4330 2293 4392 instrumentum,
2337 4327 2661 4389 habuerant,

306 4406 356 4469 1,
385 4406 454 4454 20
490 4402 856 4458 instrumenta
889 4403 1228 4478 vitiorum2‚j
1255 4403 1508 4513 ingenia
1529 4397 2065 4468 fErfindungsgabe’
2106 4395 2212 4447 wie
2253 4400 2337 4461 14,
2367 4399 2426 4459 33
2458 4398 2542 4459 15,
2562 4398 2658 4459 423

1039 4469 1320 4576 f⁶3jiss
1357 4473 1621 4560 {ARP

1052 4552 1070 4584 l
1277 4549 1350 4589 ΟΡ
1377 4556 1497 4594 ΤΗΕ

901 4693 905 4697 ¹
1025 4579 1661 4783 Kuwvsasffx‘

1347 4718 1416 4753 OF

1187 4762 1259 4783 Λ,
1525 4772 1568 4783 ,n
