3075 4800
1045 249 1264 302 LIBER
1298 247 1442 302 XVI.
1500 246 1652 302 CAP.
1695 252 1849 300 1—5.
1929 207 1933 213 ’
2487 246 2610 310 1οΊ

259 436 439 496 rans,
501 412 813 496 pudorem
879 415 944 474 et
1007 413 1252 474 metum
1316 412 1525 473 morte
1587 407 1954 472 voluntaria
2016 408 2261 494 effugit.
2354 408 2614 490 quidam
2689 458 2694 464 .

261 503 551 567 vinctum
597 522 671 565 ac
716 520 869 563 mox
907 498 1242 562 dimissum
1298 497 1617 562 tradidere
1672 496 1989 580 ademptis
2044 495 2232 560 bonis
2285 496 2353 559 in
2398 495 2615 560 locum
2644 522 2697 561 ιο

263 613 333 655 re
405 612 477 654 ae
607 610 734 652 zac.

335 611 403 676 gl
438 611 694 741 Inffiea
738 678 1023 759 senatuS,
1081 673 1445 758 propinquo
1493 675 1624 738 iam
1668 673 1924 738 lustrali
1970 672 2344 755 certamine,
2393 675 2467 735 ut
2515 671 2618 735 de·
2653 672 2698 734 4

260 767 453 830 decus
512 767 855 848 averteret,
920 764 1108 827 offert
1171 763 1548 846 imperatori
1604 763 1943 827 victoriam
2002 765 2229 826 cantus
2294 760 2617 843 adicitque

258 853 597 917 facundiae
644 873 967 936 coronam,
1014 872 1140 934 qua
1175 850 1424 915 ludicra
1461 851 1835 915 deformitas
1872 850 2209 915 velaretur.
2294 849 2405 913 sed
2437 847 2617 913 Nero

259 941 426 1005 nihil
484 940 737 1004 ambitu
807 961 925 1005 nec
986 943 1308 1023 potestate
1373 943 1633 1004 senatus
1707 960 1869 1024 opus
1934 958 2072 1003 esse
2146 939 2476 1021 dictitans,
2549 958 2617 1000 se

260 1051 537 1113 aequum
595 1028 935 1093 adversum
991 1028 1276 1092 aemulos
1332 1032 1397 1092 et
1449 1027 1762 1113 religione
1809 1027 2092 1091 iudicum
2138 1027 2436 1091 meritam
2485 1025 2619 1089 lau·
2674 1050 2698 1090 5

262 1118 407 1182 dem
453 1117 934 1201 adsecuturum,
979 1117 1191 1201 primo
1239 1137 1494 1180 carmen
1540 1116 1610 1179 in
1657 1137 1885 1180 scaena
1928 1116 2184 1201 recitat3
2238 1136 2393 1179 mox
2436 1114 2617 1198 flagi-

260 1210 442 1270 tante
486 1205 715 1291 vulgo,
760 1208 835 1268 ut
883 1205 1100 1270 omnia
1144 1205 1358 1269 studia
1404 1225 1521 1268 sua
1564 1204 1925 1289 publicaret
1971 1201 2158 1290 (haec
2203 1204 2376 1267 enim
2419 1202 2618 1267 verba

261 1293 529 1381 dixere),
573 1293 936 1380 ingreditur
979 1293 1323 1376 theatrum,
1370 1292 1620 1356 cunctis
1668 1292 1949 1357 citharae
1994 1291 2247 1377 legibus
2294 1292 2620 1374 obtempe-

261 1405 438 1465 ranS,
489 1405 572 1447 ne
625 1383 835 1447 fessus
888 1381 1222 1465 resideret,
1277 1402 1358 1444 ne
1414 1381 1714 1445 sudorem
1770 1380 1899 1445 nisi
1954 1402 2055 1465 ea,
2112 1400 2306 1465 quam
2361 1379 2619 1443 indutui

263 1471 545 1557 gerebat,
591 1475 767 1535 veste
815 1470 1191 1556 detergeret,
1236 1473 1312 1535 ut
1356 1469 1538 1533 nulla
1584 1470 1715 1534 oris
1762 1472 1875 1533 aut
1919 1468 2174 1533 narium
2212 1471 2617 1532 excrementa
2646 1494 2697 1533 ιο

262 1561 639 1624 viserentur.
720 1563 1048 1643 postremo
1094 1558 1300 1623 flexus
1347 1579 1517 1643 genu
1564 1562 1629 1622 et
1667 1561 1921 1622 coetum
1966 1557 2153 1621 illum
2198 1578 2394 1620 manu
2430 1577 2616 1620 vene-

261 1652 443 1711 ratus
497 1648 848 1711 sententias
903 1647 1189 1711 iudicum
1247 1642 1705 1730 opperiebatur
1764 1647 1917 1711 ficto
1971 1666 2225 1728 pavore.
2316 1649 2384 1709 et
2435 1643 2620 1727 plebs

263 1735 522 1819 quidem
567 1736 775 1820 urbis,
829 1735 1222 1800 histrionum
1282 1757 1538 1820 quoque
1593 1738 1814 1822 gestus
1861 1734 2081 1798 iuvare
2127 1733 2348 1815 solita,
2405 1753 2622 1814 perso-

261 1824 457 1887 nabat
513 1823 707 1889 certis
761 1825 972 1889 modis
1028 1823 1387 1908 plausuque
1434 1824 1814 1907 composito,
1902 1821 2190 1885 crederes
2235 1819 2490 1900 laetari,
2546 1839 2621 1881 ac

261 1911 534 1981 fortasse
578 1912 986 1976 laetabantur
1030 1934 1146 1996 per
1191 1912 1508 1975 incuriam
1551 1910 1799 1994 publici
1843 1908 2094 1993 flagitii.
2648 1930 2700 1969 15

440 1998 566 2063 Sed
612 2000 723 2082 qui
770 2000 1036 2061 remotis
1083 2021 1117 2059 e
1162 1996 1533 2079 municipiis
1581 2018 1926 2077 severaque
1983 1994 2191 2058 adhuc
2247 1995 2311 2055 et
2367 1990 2620 2072 antiqui
2656 1990 2698 2053 5

260 2087 461 2148 moris
498 2086 814 2147 retinente
850 2082 1057 2164 Italia,
1095 2083 1334 2163 quique
1371 2105 1487 2163 per
1520 2081 1913 2165 longinquas
1948 2079 2313 2161 provincias
2350 2077 2617 2140 lascivia

261 2170 580 2252 inexperti
637 2169 852 2234 officio
908 2168 1308 2254 legationum
1377 2171 1490 2230 aut
1552 2168 1807 2250 privata
1865 2165 2151 2229 utilitate
2214 2164 2621 2247 advenerant,

262 2279 471 2341 neque
508 2260 839 2341 aspectum
875 2255 1062 2319 illum
1107 2255 1381 2320 tolerare
1428 2276 1636 2338 neque
1671 2254 1879 2318 labori
1916 2252 2258 2317 inhonesto
2304 2252 2616 2337 sufficere,

264 2368 410 2411 cum
456 2345 753 2410 manibus
799 2344 1032 2410 nesciis
1083 2342 1483 2427 fatiscerent,
1537 2342 1874 2408 turbarent
1926 2362 2165 2428 gnaros
2221 2361 2296 2405 ac
2350 2361 2537 2425 saepe
2585 2361 2624 2404 a
2675 2367 2701 2408 5

263 2434 585 2498 militibus
631 2434 1138 2517 verberarentur,
1185 2433 1296 2516 qui
1342 2453 1458 2516 per
1503 2453 1740 2496 cuneos
1788 2430 2074 2513 stabant,
2118 2452 2200 2494 ne
2247 2429 2420 2513 quod
2465 2433 2624 2493 tem-

264 2523 441 2607 poris
486 2526 886 2587 momentum
934 2522 1146 2606 inpari
1191 2520 1470 2584 clamore
1524 2523 1639 2584 aut
1682 2519 1940 2584 silentio
1990 2518 2173 2604 segni
2227 2517 2623 2601 praeteriret.

265 2611 561 2676 constitit
611 2611 953 2695 plerosque
1004 2610 1324 2693 equitum,
1380 2609 1532 2672 dum
1588 2631 1703 2693 per
1757 2607 2089 2694 angustias
2142 2607 2355 2671 aditus
2411 2610 2476 2670 et
2530 2607 2624 2668 in-

266 2704 606 2784 gruentem
652 2698 1139 2763 multitudinem
1184 2698 1535 2782 enituntur,
1583 2697 1879 2781 obtritos,
1925 2699 1989 2760 et
2026 2695 2204 2777 alim,
2253 2695 2406 2759 dum
2452 2693 2623 2757 diem

263 2792 649 2871 noctemque
721 2787 1030 2852 sedilibus
1102 2786 1507 2870 continuant,
1581 2785 1808 2849 morbo
1882 2783 2201 2848 exitiabili
2273 2785 2620 2866 correptos.
2651 2809 2704 2849 10

449 2978 509 3035 4.
571 2988 617 3035 1.
657 2979 893 3035 lustrali.
957 2978 1034 3032 Es
1070 2976 1148 3031 ist
1185 2977 1286 3030 das
1323 2976 1385 3029 in
1410 2976 1514 3045 ΚΡ.
1548 2982 1579 3030 2
1619 2974 1906 3030 θτπῆὴιιίῑθ
1940 2973 2288 3045 fiinijahrige
2316 2972 2622 3041 Jubilaum,

264 3051 537 3106 welchem
586 3051 680 3105 die
727 3047 1194 3120 Schatzgraberei
1237 3046 1736 3117 voraufgegangen
1778 3063 1911 3101 war.
1976 3049 1984 3116 Ι
2053 3051 2102 3100 2.
2150 3050 2422 3100 averteret.
2486 3043 2622 3098 Man

267 3121 475 3176 sichert
529 3122 650 3175 ihm
696 3122 807 3175 den
855 3119 1224 3190 Siegeskranz
1277 3117 1357 3172 im
1401 3134 1605 3172 vorans
1651 3134 1746 3184 zu,
1801 3134 1900 3170 um
1944 3116 2045 3169 ihn
2088 3132 2216 3169 vom
2260 3113 2625 3169 offentliohen

265 3192 568 3247 Auftreten
622 3190 1113 3246 zuriickzuhalten.
1187 3189 1460 3259 Dagegen
1515 3190 1735 3270 empbrt
1791 3187 1912 3241 sich
1968 3186 2089 3241 sein
2142 3184 2567 3239 Kfinstlerstolz.

268 3269 318 3318 4.
357 3265 569 3319 ambitu
598 3263 714 3317 ‘die
740 3261 1090 3332 Ffirsprache
1118 3262 1215 3315 des
1236 3259 1492 3314 Senates’
1523 3259 1619 3313 bei
1648 3258 1758 3312 den
1784 3257 2205 3313 Preisriohtern.
2242 3256 2370 3325 Vgl.
2393 3262 2478 3324 13,
2500 3261 2584 3309 52.

270 3338 317 3387 5.
357 3351 593 3403 aeqwam
629 3351 703 3388 sc.
743 3350 851 3389 esse
891 3334 908 3360 ⁶
923 3349 982 3387 er
1019 3331 1100 3387 sei
1135 3330 1327 3401 billig,
1375 3330 1636 3401 gerecht’
1678 3345 1863 3400 gegen
1908 3329 2000 3383 die
2036 3327 2457 3396 Mitbewerber,
2504 3325 2625 3380 sich

268 3405 369 3458 der
403 3403 782 3459 kaiser-lichen
817 3401 1182 3473 Prarogative
1217 3401 1291 3455 be
1333 3401 1531 3455 ebend.
1587 3401 1595 3472 Ι
1655 3406 1705 3455 8.
1743 3402 1967 3471 leyibue,
2005 3400 2114 3453 den
2192 3397 2625 3452 ebrauchlichen

267 3474 660 3529 Vorschriften
703 3475 845 3529 iiber
890 3473 992 3528 das
1039 3472 1259 3526 ausserc
1349 3471 1620 3526 erhaltcn.
1683 3475 1691 3542 Ι
1752 3478 1799 3526 9.
1848 3472 2087 3525 indutui.
2216 3467 2292 3538 gl.
2332 3466 2515 3523 Germ.
2554 3474 2623 3522 46

268 3548 488 3601 vestitui
524 3547 695 3615 pelles
741 3543 882 3613 (scil.
920 3546 1086 3613 emit).
1161 3542 1214 3596 S.
1253 3541 1398 3596 Einl.
1439 3548 1534 3610 31,
1574 3558 1622 3595 a.
1684 3543 1693 3614 Ι
1755 3547 1838 3595 10.
1885 3542 1998 3596 oris
2041 3546 2144 3595 aut
2177 3540 2403 3593 narium
2446 3555 2621 3594 exere-

269 3622 469 3671 menta.
537 3616 690 3670 ‘Tac
719 3614 1027 3670 vermeidet
1053 3630 1194 3684 gern
1220 3613 1449 3683 vulgare
1486 3613 1605 3665 und
1642 3612 1966 3667 technische
1991 3609 2342 3664 Ausdn‘icke’
2372 3609 2622 3663 Heraeus

276 3704 344 3739 zu
380 3685 513 3741 hist.
541 3692 594 3756 4,
624 3692 710 3756 81,
742 3692 791 3756 7,
827 3703 915 3741 wo
945 3685 1090 3739 auch
1118 3685 1230 3739 oris
1256 3690 1649 3739 excrementmn
1679 3682 1771 3737 fiir
1794 3684 1972 3738 saliva
2002 3682 2137 3735 oder
2162 3686 2381 3750 sputum
2410 3679 2576 3734 steht.
2611 3680 2619 3752 Ι

278 3763 362 3810 11.
399 3774 543 3828 yenu
575 3757 776 3811 Aecus.
815 3773 1051 3827 graecus
1092 3756 1216 3808 ‘das
1253 3752 1399 3807 Knie
1435 3754 1726 3834 gebeugt’,
1766 3771 1811 3807 s.
1847 3752 1993 3807 Einl.
2032 3758 2063 3818 ξ
2096 3756 2180 3806 24.
2242 3752 2251 3820 Ι
2313 3757 2394 3804 13.
2433 3751 2624 3805 iuvare

275 3827 476 3882 ‘durch
504 3827 713 3882 Beifall
741 3827 1097 3897 ermutigen’.
1150 3828 1157 3897 Ι
1200 3826 1551 3895 personabat,
1586 3840 1694 3878 me
1725 3829 1808 3892 14,
1840 3828 1904 3878 15
1942 3824 1990 3876 ii
2015 3824 2131 3877 dies
2157 3828 2436 3891 noctesque
2458 3822 2625 3891 plau-

266 3900 418 3953 sibus
448 3914 759 3968 personare.
820 3902 828 3968 Ι
890 3904 973 3952 14.
1012 3898 1304 3967 composito
1343 3894 1635 3966 ‘geregelt,
1671 3892 2075 3964 regelmassig’.

448 3968 508 4025 5.
568 3975 614 4024 1.
652 3970 874 4039 antiqui
908 3971 1075 4024 moris
1109 3970 1396 4034 retinente,
1435 3983 1477 4019 s.
1516 3983 1586 4018 zu
1624 3971 1655 4018 2
1671 4009 1685 4033 ‚
1724 3970 1792 4019 38
1809 4008 1822 4034 ,
1861 3970 1928 4018 25
1967 3965 2147 4018 avitae
2181 3964 2487 4018 nobilitatis
2521 3982 2566 4018 r.
2612 3963 2620 4034 Ι

268 4046 318 4093 3.
357 4040 673 4109 inexpertus
713 4038 1084 4094 ‘unerfahren
1099 4038 1115 4065 '
1156 4036 1266 4107 vgl.
1303 4034 1435 4090 hist.
1479 4041 1533 4102 1,
1575 4040 1607 4089 8
1645 4036 1798 4091 bellis
1831 4036 2162 4103 inexpertae.
2222 4038 2230 4101 Ι
2290 4039 2338 4087 ὅ.
2376 4034 2627 4101 fatiscere

269 4126 312 4163 s.
343 4128 411 4163 zu
443 4116 528 4179 14,
556 4117 643 4180 24,
674 4116 723 4165 2.
775 4114 784 4179 Ι
835 4115 886 4167 8.
924 4110 1163 4165 constitit
1201 4108 1282 4161 ‘es
1319 4106 1397 4159 ist
1433 4104 1723 4159 erwiesen'
1765 4107 1907 4159 statt
1933 4105 2120 4158 Praes.
2159 4102 2267 4157 wie
2307 4110 2391 4172 12,
2415 4109 2496 4157 17.
2526 4110 2622 4172 433

272 4186 365 4249 14,
404 4185 472 4234 33
510 4198 564 4237 u.
595 4198 645 4235 a.
706 4181 715 4251 Ι
776 4186 825 4236 9.
870 4182 1005 4235 eniti
1043 4176 1510 4247 ‘hinaufsteigem
1562 4176 1681 4230 sich
1727 4174 2223 4246 hinaufdrangen’.
2288 4173 2417 4242 Vgl.
2460 4180 2517 4241 1,
2556 4179 2625 4227 65

269 4253 451 4306 enisae
488 4252 723 4321 legiones
759 4254 823 4305 in
858 4257 1066 4319 aperta,
1107 4255 1154 4318 1,
1187 4254 1253 4302 70
1288 4251 1355 4302 i‘n
1390 4248 1642 4302 editiora.
1695 4247 1704 4318 Ι
1754 4253 1836 4301 10.
1874 4247 2149 4311 sedilibus,
2185 4244 2312 4298 Abl.
2343 4244 2443 4297 der
2471 4243 2627 4298 Orts-

267 4319 432 4389 ruhe,
482 4338 523 4375 s.
561 4319 713 4374 Einl.
749 4326 780 4386 ᾖ
809 4325 893 4375 35.
954 4322 962 4391 Ι
1019 4321 1371 4385 continuant,
1414 4316 1522 4371 wie
1560 4317 1625 4371 G.
1665 4323 1731 4371 22
1769 4318 1913 4372 diem
1952 4322 2257 4384 noctemque
2303 4315 2627 4370 continuare

261 4391 530 4461 potando.
591 4393 600 4461 Ι
659 4391 975 4458 exitiabilie,
1011 4408 1052 4445 s.
1090 4407 1159 4442 zu
1197 4406 1325 4444 ann.
1366 4393 1416 4457 6,
1449 4392 1497 4456 7,
1529 4392 1611 4441 14.
