3075 4800
417 225 505 289 42
783 223 1124 281 CORNELII
1160 225 1400 281 TACITI
1435 225 1531 280 AB
1568 225 1890 281 EXCESSU
1924 225 2082 280 DIVI
2115 224 2430 281 AUGUSTI

417 409 691 473 rumque
745 388 916 454 intra
970 411 1073 454 me
1129 390 1265 473 ipse
1318 389 1603 453 volvam:
1658 409 1887 475 egone,
1947 389 2231 472 equestri
2284 393 2351 453 et
2394 390 2778 473 provinciali

418 477 562 542 loco
629 480 835 562 ortus,
896 477 1270 561 proceribus
1334 477 1617 542 civitatis
1673 477 2100 541 adnumeror‘?
2173 477 2343 542 inter
2400 478 2653 544 nobiles
2712 484 2777 545 et

369 623 375 627 .
419 566 616 654 longa
660 565 889 631 decora
931 565 1362 650 praeferentes
1406 566 1663 631 novitas
1699 587 1843 629 mea
1888 565 2164 630 enituit?
2237 565 2352 629 ubi
2387 569 2488 631 est
2524 569 2776 634 animus

341 679 395 718 20
423 654 532 719 ille
579 655 847 720 modicis
895 654 1279 718 contentus?
1369 653 1519 719 talis
1566 653 1793 720 hortos
1839 654 2082 719 extruit
2135 658 2201 719 et
2254 676 2372 739 per
2424 655 2583 721 haec
2630 657 2776 722 sub-

421 744 667 808 urbana
727 742 966 807 incedit
1024 745 1088 806 et
1153 742 1352 808 tantis
1416 764 1720 829 agrorum
1786 743 2039 827 spatiis,
2107 746 2242 807 tam
2314 744 2448 808 lato
2515 745 2810 830 faenore⁴

420 831 771 897 exuberat?
862 853 991 895 una
1035 830 1321 895 defensio
1369 831 1676 915 occurrit,
1734 831 1907 916 quod
1959 832 2333 898 muneribus
2380 833 2511 898 tuis
2566 834 2776 898 obniti

417 942 551 985 non
596 919 805 983 debui.
1607 949 1610 950 ⁷

312 1006 402 1071 54
598 1005 724 1071 Sed
778 1009 1048 1091 uterque
1103 1030 1468 1073 mensuram
1513 1007 1929 1092 inplevimus,
1981 1012 2045 1073 et
2092 1013 2185 1088 tu,
2243 1013 2555 1094 quantum
2600 1012 2774 1094 prin-

419 1117 568 1179 ceps
610 1096 891 1162 tribuere
938 1095 1143 1160 amico
1180 1099 1416 1181 posset,
1463 1101 1528 1161 et
1574 1118 1714 1182 ego,
1762 1099 2073 1180 quantum
2113 1098 2355 1162 amicus
2401 1120 2441 1162 a
2483 1098 2773 1182 principe

421 1185 730 1267 accipere:
776 1187 988 1249 cetera
1031 1184 1339 1249 invidiam
1378 1189 1633 1270 augent.
1718 1206 1880 1268 quae
1919 1185 2196 1270 quidem,
2241 1189 2317 1250 ut
2354 1187 2571 1250 omnia
2604 1208 2775 1250 mor-

416 1274 590 1357 talia,
627 1272 796 1337 infra
831 1276 1010 1337 tuam
1042 1273 1554 1360 magnitudinem
1584 1274 1810 1358 iacent,
1848 1275 1958 1338 sed
1985 1273 2148 1338 mibi
2176 1275 2576 1359 incumbunt,
2612 1275 2776 1339 mihi

366 1388 392 1428 5
422 1362 927 1426 subveniendum
975 1366 1087 1427 est.
1181 1383 1309 1445 quo
1355 1362 1549 1426 modo
1602 1363 1672 1426 in
1715 1360 1952 1427 militia
2006 1366 2117 1426 aut
2171 1363 2279 1426 via
2322 1362 2530 1428 fessus
2577 1363 2775 1427 admi-

419 1450 707 1516 niculum
763 1471 1038 1535 orarem,
1103 1450 1194 1515 ita
1251 1452 1320 1515 in
1372 1449 1498 1515 hoc
1553 1451 1781 1516 itinere
1835 1451 2006 1515 vitae
2060 1472 2256 1516 senex
2310 1456 2375 1516 et
2429 1451 2774 1516 levissimis

420 1560 675 1624 quoque
712 1540 881 1604 curis
920 1539 1122 1625 inpar,
1167 1561 1314 1604 cum
1362 1561 1515 1624 opes
1553 1561 1728 1604 meas
1774 1539 1948 1604 ultra
1983 1540 2298 1605 sustinere
2342 1560 2478 1603 non
2511 1541 2773 1624 possim,

417 1627 807 1712 praesidium
834 1632 1004 1712 peto,
1058 1629 1226 1693 ,iube
1252 1650 1388 1693 rem
1416 1650 1533 1712 per
1558 1630 2007 1711 procuratores
2035 1632 2183 1693 tuos
2214 1628 2668 1713 administrari,
2706 1629 2774 1693 in

417 1720 598 1781 tuam
643 1716 971 1781 fortlmam
1016 1717 1231 1801 recipi.
1312 1739 1432 1782 nec
1475 1739 1580 1781 me
1626 1717 1696 1780 in
1737 1720 2183 1802 paupertatem
2234 1717 2373 1800 ipse
2419 1717 2773 1802 detrudam,

341 1831 394 1872 10
421 1805 532 1870 sed
575 1806 830 1869 traditis
877 1827 1151 1890 quorum
1197 1806 1451 1892 fulgore
1493 1806 1974 1892 praestringor3-
1999 1805 2172 1888 quod
2206 1806 2517 1894 temporis
2553 1806 2774 1870 horto-

419 1916 564 1957 rum
601 1898 715 1958 aut
750 1893 1051 1959 villarum
1088 1916 1276 1959 curae
1317 1896 1670 1979 seponitur,
1716 1894 1786 1958 in
1820 1894 2108 1959 animum
2143 1894 2474 1980 revocabo.
2557 1917 2775 1978 super-

417 1985 516 2046 est
561 1982 685 2045 tibi
729 1983 929 2047 robur
981 1988 1047 2048 et
1099 1987 1202 2047 tot
1244 2005 1361 2067 per
1407 2004 1610 2048 annos
1655 1983 1830 2047 nosti
1873 1984 2104 2048 summi
2156 1983 2406 2067 fastigii
2454 1984 2771 2069 regimen:

415 2092 758 2154 possumus
788 2071 1070 2136 seniores
1098 2071 1291 2136 amici
1318 2072 1601 2155 quietem
1629 2093 1976 2155 reposcere.
2048 2071 2175 2137 hoc
2213 2092 2469 2156 quoque
2496 2072 2566 2135 in
2591 2075 2772 2136 tuam

417 2160 692 2245 gloriam
729 2159 929 2245 cedet,
976 2182 1084 2226 eos
1123 2160 1203 2224 ad
1239 2182 1492 2225 summa
1524 2161 1792 2246 vexisse,
1840 2162 1952 2245 qui
1990 2164 2055 2225 et
2090 2161 2344 2225 modica
2379 2160 2771 2225 tolerarent.'

311 2248 398 2315 55
595 2247 697 2312 Ad
746 2270 907 2332 quae
950 2247 1126 2315 Nero
1185 2249 1277 2315 sic
1321 2249 1522 2313 ferme
1568 2250 1924 2334 respondit:
1982 2250 2181 2334 ‘quod
2235 2248 2580 2313 meditatae
2636 2271 2773 2313 ora-

415 2337 582 2403 tioni
644 2340 792 2403 tuae
856 2338 1076 2405 statim
1141 2358 1495 2424 occurram,
1561 2338 1628 2403 id
1689 2337 1970 2422 primum
2036 2338 2133 2403 tui
2197 2337 2480 2403 muneris
2544 2338 2770 2422 habeo,

406 2549 725 2673 {elerumque
770 2549 1009 2618 inquiro.
1068 2550 1077 2620 Ι
1137 2553 1220 2602 19.
1270 2550 1435 2620 lonya
1479 2550 1675 2605 decora
1721 2551 1818 2603 ctt.
1864 2547 2090 2603 bezieht
2134 2546 2254 2601 sich
2311 2547 2414 2601 auf
2455 2547 2547 2602 die
2591 2547 2762 2618 lange

499 2618 612 2757 ihs}
637 2636 746 2674 von
789 2618 1016 2690 Ahnen,
1069 2619 1281 2673 welche
1331 2619 1423 2674 die
1467 2620 1690 2675 Hauser
1735 2619 1836 2673 der
1878 2618 2114 2674 Nobiles
2160 2617 2536 2673 aufzuweisen
2581 2618 2770 2673 haben

416 2692 576 2758 (prae
603 2696 804 2745 erentes
827 2732 839 2744 .

597 2759 694 2816 54.
746 2692 1007 2816 3.)eetera
1046 2761 1183 2815 ‘was
1221 2760 1466 2815 darfiber
1499 2760 1599 2815 ist’
1641 2763 1694 2815 d.
1722 2761 1776 2816 h.
1813 2761 1956 2815 fiber
1992 2759 2084 2814 die
2116 2777 2373 2815 mensura
2406 2759 2768 2830 hinausgeht,

415 2848 574 2884 wozu
603 2848 665 2886 er
693 2831 854 2900 auch,
882 2831 988 2885 wie
1014 2830 1092 2885 Ni
1130 2831 1504 2901 p.-Andresen
1529 2832 1740 2902 richtig
1766 2831 2086 2898 bemerken,
2117 2831 2217 2885 das
2244 2831 2477 2901 langere
2495 2830 2773 2885 Behalten

418 2902 517 2956 des
545 2902 972 2972 Empfangenen
1007 2850 1253 2958 recznet.
1305 2905 1313 2973 Ι
1364 2920 1502 3026 guae
1537 2904 1756 2974 quidem
1782 2934 1850 2942 —
1879 2903 2215 2957 incumbunt.
2274 2901 2436 2957 Sinm
2476 2902 2552 2955 du
2589 2902 2771 2956 stehst

418 2990 487 3026 zu
522 2973 694 3042 hoch,
742 2973 826 3027 als
864 2973 988 3027 dass
1027 2973 1127 3027 der
1161 2973 1311 3027 Neid
1391 2973 1479 3028 'ch
1515 2973 1805 3028 erreichen
1838 2973 2078 3041 kemite,
2128 2972 2265 3027 aber
2310 2973 2415 3027 auf
2453 2971 2563 3025 mir
2596 2972 2771 3027 lastet

419 3060 480 3098 er
524 3043 652 3114 (mir
694 3043 839 3114 liegt
874 3061 936 3099 er
987 3043 1139 3114 auf),
1186 3043 1279 3098 ein
1315 3043 1550 3113 Geffihl,
1596 3044 1721 3098 dass
1770 3044 1846 3097 du
1888 3042 2051 3097 nicht
2094 3043 2315 3099 kennst.
2376 3046 2384 3114 Ι
2442 3043 2548 3098 Die
2583 3043 2771 3097 Verba

416 3115 597 3170 iacent
633 3115 750 3168 und
787 3116 1110 3180 imumbwnt
1145 3114 1272 3168 sind
1309 3115 1413 3168 auf
1442 3115 1545 3168 das
1581 3115 1759 3169 naher
1794 3114 2065 3169 stehende
2101 3116 2288 3169 omnia
2323 3115 2584 3169 mortalia
2629 3116 2770 3167 statt

420 3185 523 3238 auf
553 3202 692 3255 quae
726 3183 994 3255 bezogen,
1031 3184 1141 3255 vgl.
1177 3184 1287 3241 Cic.
1328 3186 1402 3239 ad
1429 3186 1546 3240 Att.
1580 3193 1628 3254 1,
1659 3191 1743 3254 15,
1775 3191 1804 3239 1
1842 3202 1954 3240 non
1993 3187 2199 3253 dubito,
2236 3187 2373 3256 quin
2405 3186 2632 3240 celerius
2667 3186 2771 3240 tibi

416 3257 516 3311 hoe
541 3272 729 3311 rumor
755 3273 920 3325 quam
945 3257 1118 3310 ullius
1141 3263 1387 3312 nostrum
1414 3258 1626 3313 litterae
1653 3257 1990 3325 nwntiarint,
2017 3255 2173 3311 Brut.
2207 3262 2236 3322 5
2258 3262 2361 3309 262
2389 3256 2539 3311 omm'
2565 3262 2769 3310 ornatu

417 3328 684 3382 orationis
728 3333 1008 3397 tamquam
1051 3334 1189 3383 veste
1233 3328 1502 3394 detracta,
1548 3327 1693 3382 Phil.
1731 3333 1766 3381 4
1803 3333 1833 3393 ξ
1862 3332 1893 3381 9
1934 3328 2056 3397 quis
2095 3328 2253 3381 illum
2289 3328 2463 3398 ἐρίων
2496 3327 2769 3381 consulem

415 3399 531 3452 nisi
567 3399 804 3453 latrones
830 3397 1076 3467 putant?
1134 3398 1186 3452 S.
1225 3416 1293 3452 zu
1331 3405 1389 3467 2,
1430 3404 1512 3467 17,
1554 3403 1585 3452 5
1623 3399 1740 3452 und
1777 3404 1837 3467 4,
1874 3402 1967 3466 56,
1997 3404 2045 3452 3.
2106 3400 2115 3469 Ι
2175 3403 2222 3452 5.
2403 3397 2560 3451 modo
2587 3398 2769 3452 —ita

418 3468 562 3522 auch
603 3474 688 3537 15,
719 3475 812 3538 213
853 3475 937 3537 16,
971 3474 1050 3522 16*
1073 3487 1126 3524 u.
1158 3468 1318 3523 oster.
1380 3468 1566 3524 Schon
1601 3469 1697 3524 bei
1725 3468 1916 3525 Cicero
1953 3471 2019 3538 (z.
2049 3469 2111 3523 B.
2151 3468 2222 3523 de
2279 3483 2383 3538 ege
2422 3484 2538 3537 agr.
2572 3474 2621 3536 2,
2646 3474 2694 3536 1,
2716 3474 2766 3536 3,

416 3539 487 3593 de
524 3538 617 3596 off.
659 3546 705 3609 1,
736 3545 820 3606 38,
855 3542 992 3610 136).
1058 3539 1390 3594 Ausserdem
1414 3540 1518 3594 hat
1545 3540 1776 3594 Tacitus
1814 3556 1918 3610 quo
1954 3540 2111 3595 modo
2137 3569 2205 3580 —
2232 3541 2312 3594 sie
2338 3545 2389 3607 4,
2421 3544 2516 3606 353
2558 3544 2646 3607 16,
2671 3544 2767 3607 313

416 3609 548 3666 dial.
589 3617 656 3666 36
694 3629 747 3665 u.
783 3610 943 3666 efter.
1005 3613 1013 3680 Ι
1074 3617 1121 3666 6.
1161 3612 1445 3666 levissimis
1480 3628 1688 3681 quoque
1723 3613 1872 3667 een-is
1908 3609 2361 3682 CGesohaften’)
2398 3610 2611 3678 inpar’,
2655 3608 2768 3680 vgl.

413 3680 546 3736 hist.
585 3688 643 3750 2,
673 3686 741 3735 59
779 3683 949 3752 inpaa·
981 3683 1133 3738 curris
1165 3683 1522 3753 yravioribus.
1559 3686 1566 3751 Ι
1611 3689 1693 3736 11.
1732 3684 1796 3736 in
1833 3683 2081 3736 animum
2114 3683 2373 3736 revocabo
2423 3679 2640 3734 ‘werde
2676 3679 2769 3733 ich

414 3751 626 3807 wieder
661 3752 767 3805 auf
796 3752 1037 3834 geistige
1068 3752 1516 3823 Beschastigung
1550 3753 1921 3807 verwenden’.
1982 3756 1991 3820 1
2048 3758 2289 3821 superest
2322 3752 2427 3806 tibi
2460 3752 2630 3806 robwr
2668 3750 2768 3803 ‘du

416 3823 598 3876 stehst
627 3824 774 3877 noch
800 3841 861 3877 m
889 3824 989 3877 der
1013 3823 1175 3879 Fulle
1203 3823 1304 3878 der
1328 3824 1545 3891 Kraft’3
1581 3840 1853 3893 superesse
1880 3822 2220 3893 (Gegensatz
2247 3823 2443 3892 deesse)
2475 3820 2767 3875 ‘reichlich

414 3894 738 3947 vorhanden
765 3892 907 3948 sein’
938 3894 1001 3948 in
1026 3894 1180 3949 auen
1207 3894 1705 3965 Sprachperioden,
1733 3894 1826 3948 fflr
1851 3893 1982 3948 Tac.
2013 3911 2054 3949 s.
2085 3893 2338 3948 Heraeus
2367 3911 2436 3946 zu
2462 3892 2594 3946 hist.
2629 3899 2676 3959 1,
2697 3897 2763 3946 51

414 3966 525 4019 υὺη·
560 3982 719 4019 arma
753 3967 879 4035 equi
914 3967 991 4020 ad
1024 3982 1186 4021 usum
1222 3973 1273 4022 et
1308 3967 1383 4021 ad
1418 3967 1581 4021 dee-us
1615 3970 1950 4035 supererant.
2012 3966 2021 4038 Ι
2083 3970 2166 4020 13.
2205 3983 2238 4020 r
2390 3981 2501 4032 ere,
2542 3963 2604 4016 in
2640 3963 2769 4016 dem

413 4053 473 4091 re
508 4034 653 4106 liegt
688 4034 780 4090 die
816 4036 1233 4107 Berechtigung
1268 4038 1369 4091 der
1402 4036 1744 4107 Forderung.
1807 4040 1815 4109 Ι
1876 4042 1959 4091 14.
1999 4038 2162 4105 cedet,
2195 4054 2308 4106 vg.
2349 4034 2499 4090 Gurt.
2531 4040 2583 4101 3,
2617 4039 2666 4102 6,
2699 4038 2765 4086 18

415 4107 687 4161 temeritas
722 4108 785 4161 in
819 4108 1054 4178 qlom'am
1089 4115 1329 4165 cesserat.
1381 4110 1389 4176 Ι
1436 4108 1619 4164 vehere
1656 4109 1800 4161 statt
1835 4109 2046 4163 evehere
2092 4107 2227 4161 oder
2255 4107 2560 4176 provehere.
2612 4107 2622 4174 Ι
2671 4106 2769 4174 qui

414 4184 465 4233 et
489 4179 705 4233 modica
731 4178 1022 4233 tolerarent
1052 4177 1166 4232 ‘die
1194 4178 1314 4232 sich
1342 4179 1487 4232 auch
1513 4177 1577 4231 in
1604 4177 1695 4232 die
1713 4178 2116 4234 Besehrankun
2184 4194 2253 4230 zu
2276 4176 2466 4231 finden
2481 4175 2765 4230 wffl'sten’.

592 4247 693 4303 55.
741 4255 790 4302 2.
821 4250 1068 4317 primum
1101 4248 1262 4304 nieht
1298 4248 1381 4303 als
1413 4249 1690 4303 Neutrum
1727 4267 1796 4302 zu
1833 4251 1894 4304 id
1929 4267 1997 4302 zu
2035 4247 2118 4302 zie
2160 4264 2247 4318 en,
2286 4248 2530 4301 sondern
2556 4247 2769 4300 Adver‘-
2865 4312 2870 4317 .

414 4317 571 4400 bium
600 4346 668 4364 =
700 4319 1019 4388 ‘zunachsn
1067 4320 1408 4374 zuvorderst’
1448 4318 1557 4374 wie
1596 4324 1712 4389 (ae)
1741 4322 1987 4389 primum
2031 4319 2249 4401 quidem
2294 4318 2423 4373 dem
2459 4316 2769 4373 Exordium

417 4388 674 4445 dienend.
734 4393 742 4461 Ι
801 4392 887 4445 tui
920 4392 1162 4447 mwnevw's
1190 4417 1257 4439 =
1284 4392 1372 4446 tui
1405 4391 1649 4446 mwneris
1685 4389 1770 4459 ὄν,
1804 4389 1914 4460 vgl.
1946 4388 2134 4455 Quint.
2168 4395 2252 4457 10,
2282 4394 2332 4458 2,
2363 4395 2393 4443 7
2431 4390 2576 4444 nihil
2606 4390 2766 4445 habe·-
