3075 4800
481 256 568 321 82
834 254 1173 310 CORNELII
1209 253 1450 310 TACITI
1485 254 1583 308 AB
1620 253 1942 309 EXCESSU
1977 254 2131 309 DIVI
2166 253 2484 309 AUGUSTI

481 440 622 484 sum
661 422 784 502 est3
831 421 896 481 et
931 417 1314 482 sellisternia
1350 438 1423 482 ac
1458 417 1800 503 pervigilia
1832 417 2231 482 celebravere
2264 416 2560 502 feminae,
2597 421 2892 523 quibus

480 507 698 571 mariti
742 510 940 570 erant.
1027 506 1138 570 sed
1180 528 1314 570 non
1359 527 1480 590 ope
1515 505 1815 590 humana,
1857 527 1990 570 non
2025 505 2480 592 largitionibus
2517 508 2880 609 principis

480 599 593 660 aut
646 594 835 658 deum
889 594 1307 679 placamentis
1362 595 1708 659 decedebat
1761 594 2052 678 infamia,
2106 594 2265 677 quin
2318 594 2563 660 iussum
2624 597 2880 662 incen-

479 684 658 748 dium
705 683 1082 748 crederetur.
1168 704 1322 770 ergo
1368 683 1684 747 abolendo
1730 684 1973 747 rumori
2018 682 2194 748 Nero
2243 683 2529 747 subdidit
2574 707 2729 749 reos
2783 692 2882 752 ef.

403 799 452 838 ιο
480 771 969 856 quaesitissimis
1018 773 1244 856 poenis
1298 771 1558 855 adfecit,
1615 793 1776 855 quos
1830 794 1947 855 per
1999 772 2249 858 flagitia
2300 772 2541 837 invisos
2595 774 2876 861 vulgus

480 859 880 926 Christianos
940 861 1321 945 appellabat.
1412 864 1637 924 auctor
1688 862 1971 962 nominis
2027 861 2164 925 eius
2220 858 2513 926 Christus
2570 861 2872 930 Tiberio

476 953 891 1104 3331
943 948 2671 1141 31113333331131111313
2697 955 2862 1106 ..²31

477 1151 620 1193 sum
665 1127 1068 1211 erumpebat,
1120 1149 1254 1191 non
1306 1126 1500 1190 modo
1555 1148 1671 1210 per
1714 1125 2043 1209 Iudaeam,
2100 1126 2416 1211 originem
2472 1129 2608 1191 eius
2656 1131 2853 1216 mali,

395 1243 446 1284 15
476 1218 586 1282 sed
630 1237 746 1301 per
791 1216 1015 1280 urbem
1062 1217 1275 1298 etiam,
1321 1236 1450 1299 quo
1488 1219 1720 1279 cuncta
1763 1216 2045 1316 undique
2091 1214 2335 1279 atrocia
2379 1219 2493 1279 aut
2530 1217 2855 1300 pudenda

474 1306 810 1371 confluunt
853 1305 1397 1388 celebranturque.
1486 1304 1689 1390 igitur
1731 1304 2013 1387 primum
2058 1304 2339 1387 correpti
2385 1304 2497 1388 qui
2541 1305 2851 1370 fateban—

473 1399 606 1478 tur,
672 1393 898 1457 deinde
953 1393 1189 1457 indicio
1245 1414 1467 1457 eorum
1523 1392 1874 1455 multitudo
1930 1392 2155 1477 ingens
2208 1392 2381 1456 haud
2437 1393 2704 1477 perinde
2760 1397 2850 1460 in

474 1483 742 1548 crimine
786 1481 1066 1546 incendii
1121 1503 1313 1566 quam
1361 1481 1509 1545 odio
1556 1480 1822 1544 humani
1868 1481 2120 1564 generis
2172 1481 2454 1546 convicti
2501 1486 2667 1547 sunt.
2762 1490 2848 1549 et

471 1570 889 1656 pereuntibus
936 1570 1153 1634 addita
1195 1569 1500 1652 ludibria,
1556 1573 1634 1632 ut
1673 1569 1955 1633 ferarum
2003 1570 2203 1656 tergis
2248 1571 2528 1635 contecti
2577 1570 2842 1637 laniatu

391 1686 445 1725 ιο
472 1680 702 1723 canum
749 1658 1086 1722 interirent
1132 1658 1275 1742 [aut
1318 1658 1614 1722 crucibus
1670 1658 1866 1721 adfixi
1920 1661 2032 1721 aut
2075 1658 2416 1742 flammati]
2472 1663 2663 1743 atque
2712 1661 2839 1725 ubi

471 1747 808 1811 defecisset
872 1746 1034 1829 dies,
1097 1747 1166 1810 in
1220 1768 1408 1811 usum
1472 1746 1774 1810 nocturni
1833 1746 2096 1810 luminis
2155 1751 2507 1812 urerentur.
2597 1748 2841 1815 hortos

471 1856 621 1900 suos
668 1835 728 1899 ei
773 1834 1137 1918 spectaculo
1182 1834 1358 1900 Nero
1406 1833 1731 1898 obtulerat
1780 1838 1846 1898 et
1890 1835 2170 1899 circense
2213 1836 2531 1900 ludicrum
2577 1838 2836 1923 edebat,

467 1925 696 1989 habitu
751 1924 1011 2011 aurigae
1064 1925 1422 2008 permixtus
1475 1922 1653 2007 plebi
1715 1923 1820 1987 vel
1871 1922 2189 1988 curriculo
2245 1924 2562 1990 insistens
2653 1927 2831 1991 unde

470 2035 857 2099 quamquam
915 2013 1217 2078 adversus
1274 2016 1489 2077 sontes
1546 2016 1612 2076 et
1663 2011 2015 2076 novissima
2060 2013 2352 2096 exempla
2396 2015 2661 2078 meritos
2707 2017 2829 2078 mi-

388 2129 439 2170 25
468 2104 702 2168 seratio
751 2102 1104 2186 oriebatur,
1148 2106 1478 2185 tamquam
1527 2122 1661 2164 non
1706 2099 1989 2164 utilitate
2033 2100 2312 2185 publica,
2356 2103 2468 2166 sed
2513 2103 2582 2167 in
2626 2105 2828 2167 saevi-

466 2192 625 2256 tiam
672 2192 864 2256 unius
910 2192 1413 2255 absumerentur.

360 2280 449 2346 45
643 2278 900 2344 Interea
954 2279 1355 2344 conferendis
1408 2278 1699 2362 pecuniis
1758 2281 2124 2361 pervastata
2176 2275 2391 2361 Italia,
2454 2280 2822 2362 provinciae

467 2436 669 2490 Tische
694 2435 856 2490 nicht
882 2436 1068 2516 lagen,
1097 2437 1341 2490 sondern
1369 2434 1572 2501 sassen,
1602 2451 1664 2489 so
1692 2435 1924 2489 wurden
1948 2434 2044 2489 bei
2071 2433 2476 2489 Lectisternien
2506 2435 2597 2489 die
2624 2435 2820 2491 Bilder

465 2507 566 2561 der
610 2505 919 2561 Gottinnen
965 2505 1182 2560 sitzend
1229 2478 1603 2575 angebracht,
1650 2505 1828 2559 daher
1870 2507 2210 2560 sellisternia.
2271 2506 2280 2577 Ι
2340 2511 2388 2559 8.
2438 2507 2598 2560 deum
2626 2508 2820 2590 placa-

464 2578 657 2633 mentis
700 2577 807 2632 wie
853 2576 1413 2645 Ρ1111.11.11.8,187
1462 2574 1593 2646 (ng
1633 2581 1727 2642 21,
1748 2578 1882 2644 42),
1928 2575 2060 2630 hist.
2101 2582 2158 2644 1,
2198 2581 2265 2629 63
2304 2577 2657 2645 placamenta
2701 2579 2824 2633 irae

463 2648 598 2717 (Liv.
640 2654 698 2717 7,
736 2654 795 2715 3,
834 2655 866 2702 2
904 2649 1229 2719 placamina
1273 2648 1437 2715 irae;
1483 2646 1651 2716 Apul.
1699 2618 1771 2700 de
1816 2646 1922 2700 deo
1970 2646 2117 2700 Socr.
2159 2652 2224 2700 13
2271 2648 2458 2700 omnia
2502 2649 2822 2702 animarum

454 2721 805 2791 placamenta
840 2721 924 2774 vel
957 2721 1334 2775 imitamenta.
1421 2689 1481 2770 in
1519 2717 1762 2772 seltenes
1788 2716 1967 2772 Wort.
2020 2719 2027 2787 Ι
2151 2718 2215 2770 in
2244 2717 2527 2771 sondern’
2536 2718 2697 2788 ,vgl.
2733 2725 2819 2789 12,

463 2796 550 2858 32,
580 2798 612 2845 9
649 2791 769 2844 und
805 2808 846 2846 6.
885 2789 1029 2844 Ε1111.
1070 2796 1100 2856 5
1129 2796 1214 2844 99.
1275 2791 1284 2860 Ι
1345 2794 1427 2843 11.
1465 2788 1574 2843 Die
1612 2788 1897 2857 Christen,
1942 2788 2081 2842 welc
2124 2803 2154 2841 e
2199 2787 2392 2842 frfiher
2437 2806 2544 2843 von
2590 2763 2820 2844 keinem

462 2861 778 2916 ιῦ11116611611
816 2861 1219 2915 Schriftsteller
1255 2859 1511 2914 erwahnt
1548 2860 1790 2926 werden,
1828 2858 2158 2913 bezeichnet
2194 2858 2337 2912 auch
2375 2859 2525 2914 Suet
2564 2859 2717 2913 Nero
2746 2868 2820 2915 46

464 2932 548 2986 als
587 2931 679 2987 ein
749 2949 883 2987 enus
917 2933 1198 2987 hominum
1232 2932 1635 3001 superstitionis
1670 2948 1841 2986 novae
1886 2947 1953 2984 ac
1987 2931 2274 2996 maleficae.
2348 2928 2619 3000 Dagegen
2658 2931 2820 2985 stellt

462 3002 649 3086 11111611
661 2949 804 3057 quin.
836 3002 995 3072 epist.
1028 3003 1101 3056 ad
1129 3003 1279 3071 Traj.
1311 3008 1379 3056 96
1410 3004 1539 3073 (97),
1569 3007 1601 3056 8
1632 3002 1726 3057 6111
1751 3002 2004 3055 besseres
2035 2999 2277 3070 Zeugnis
2311 3016 2438 3055 aus:
2477 3002 2620 3056 nihil
2655 3003 2822 3057 aliud

461 3090 796 3199 2325}ss
704 3142 858 3196 1201...
796 3075 1115 3196 wiffam}
1115 3071 2822 3223 1111111611133333.35331·11ξὲ1.113

463 3213 747 3280 Christen,
793 3212 923 3266 weil
969 3213 1050 3267 sie
1095 3214 1283 3267 weder
1317 3212 1533 3267 Gotzen
1579 3213 1724 3268 noch
1772 3213 1874 3267 das
1909 3212 2041 3267 Bild
2084 3213 2182 3267 des
2217 3212 2448 3267 Kaisers
2496 3213 2819 3268 adorierten

461 3284 578 3339 und
613 3281 744 3337 weil
782 3281 864 3336 sie
901 3283 1010 3337 den
1037 3283 1146 3336 Um
1187 3300 1301 3365 ang
1334 3282 1440 3337 mit
1465 3282 1686 3338 Heiden
1720 3284 2055 3365 vermieden.
2115 3284 2185 3338 So
2215 3283 2469 3338 exklusiv
2500 3300 2618 3337 war
2643 3284 2816 3338 keine

462 3354 647 3409 Sekte.
723 3351 952 3407 Tacitus
988 3352 1114 3407 11311,
1211 3370 1242 3407 6
1280 3352 1560 3407 Gerfichte
1610 3354 1749 3408 fiber
1794 3354 1875 3409 sie
1920 3373 2016 3408 um
2061 3371 2122 3408 so
2166 3355 2299 3409 eher
2342 3354 2435 3407 fiir
2479 3355 2816 3425 begrtindet,

462 3426 535 3480 da
580 3424 700 3479 ihm
746 3422 1140 3479 orientalische
1185 3423 1357 3505 Kulte
1402 3440 1513 3478 von
1562 3424 1662 3478 der
1705 3424 1883 3478 trauri
1886 3429 2049 3495 gsten
2096 3426 2202 3479 Art
2254 3425 2509 3479 bekannt
2550 3441 2754 3480 waren.
2802 3427 2811 3497 Ι

462 3503 543 3553 15.
584 3497 796 3553 atrocia
840 3502 940 3552 aut
977 3497 1243 3578 pudenda
1285 3494 1393 3549 wie
1430 3494 1563 3549 dial.
1603 3500 1671 3549 32
1708 3497 1872 3563 foeda
1908 3514 1974 3551 ac
2009 3498 2282 3623 fade-roda.
2414 3502 2496 3550 16.
2540 3498 2638 3567 qui
2670 3498 2814 3562 fate-

459 3572 664 3625 bantur
716 3585 825 3623 von
872 3568 999 3622 dem
1044 3565 1345 3637 16113166611
1389 3565 1764 3634 BekenntniS,
1819 3566 1913 3621 bei
1958 3567 2003 3620 P
2374 3609 2385 3620 .
2434 3569 2754 3634 confitentes.
2800 3568 2808 3638 Ι

460 3648 542 3696 18.
590 3641 671 3695 Zu
717 3641 842 3697 odio
887 3639 1090 3709 gehort
1132 3638 1279 3693 noch
1325 3639 1415 3705 in,
1461 3656 1502 3691 s.
1545 3656 1612 3691 zu
1649 3644 1708 3706 2,
1748 3642 1843 3706 68,
1882 3644 1940 3706 3,
1987 3652 2118 3691 man
2154 3637 2544 3706 verdachtigte
2583 3636 2662 3690 sie
2712 3637 2813 3691 des

456 3713 664 3767 Hasses
701 3730 740 3781 3
814 3727 883 3765 611
887 3657 1024 3764 g'das
1050 3708 1696 3780 Menschengeschlecht,
1736 3726 1776 3762 6.
1809 3726 1877 3760 zu
1906 3708 1962 3762 Z.
1994 3714 2078 3763 11.
2128 3712 2138 3776 Ι
2187 3709 2462 3763 convietus
2494 3710 2557 3762 in
2582 3709 2813 3763 mimine

462 3782 544 3835 ‘in
579 3729 910 3837 Β611611ᾳ-’
953 3799 994 3836 s.
1034 3798 1101 3833 zu
1140 3786 1333 3847 2,41,
1374 3786 1467 3848 13,
1507 3779 1681 3834 6611611
1717 3778 1827 3833 Cic.
1867 3796 1967 3848 pro
2006 3778 2164 3833 Sulla
2199 3785 2230 3843 ξ
2259 3784 2326 3833 83
2373 3781 2439 3833 in
2481 3781 2580 3833 hoc
2621 3780 2814 3834 scelere

457 3855 757 3918 convictus,
806 3850 913 3905 wie
968 3850 1098 3904 hist.
1151 3857 1205 3917 1,
1258 3856 1323 3903 13
1377 3858 1683 3920 suspectum
1736 3851 1799 3904 in
1854 3797 2039 3904 {adem
2093 3850 2356 3919 Poppaea
2392 3881 2459 3891 —
2502 3866 2556 3905 se
2626 3851 2753 3904 snit.
2796 3850 2805 3922 Ι

460 3927 541 3977 19.
590 3928 742 3992 terya
787 3922 930 3974 statt
973 3928 1213 3990 teryora,
1260 3938 1302 3973 6.
1341 3925 1399 3988 4,
1440 3927 1525 3990 72,
1565 3927 1612 3976 6.
1675 3923 1682 3991 Ι
1743 3926 1828 3974 21.
1874 3922 1973 3975 nbi
2014 3920 2122 3973 mit
2158 3920 2286 3974 dem
2321 3920 2549 3989 Konjun
2589 3920 2671 3974 tiv
2709 3920 2810 3975 der

455 3990 783 4051 wiedoehol
963 3989 1110 4043 auch
1147 3994 1204 4056 3,
1236 3996 1295 4057 2,
1335 3996 1403 4043 26
1440 3992 1559 4045 und
1596 3992 1741 4046 61161·
1778 3990 1887 4045 seit
1919 3990 2134 4059 Liviae,
2173 4008 2215 4044 s.
2254 3989 2400 4046 Einl.
2441 3998 2470 4057 5
2501 3996 2585 4045 88.
2645 3993 2653 4061 Ι
2713 3990 2807 4045 Sie

456 4063 683 4118 wei-(Im
723 4061 833 4119 nit
910 4034 1225 4114 rennbaren
1262 4033 1477 4116 S'toffen
1521 4062 1845 4116 umwickelt
1890 4062 2007 4115 und
2055 4078 2127 4116 an
2172 4061 2338 4116 einen
2377 4062 2544 4116 Pfahl
2589 4061 2807 4145 gebun-

456 4136 580 4191 den.
641 4138 651 4205 Ι
708 4136 894 4191 hor-tos
942 4146 1096 4194 suos,
1154 4128 1394 4196 jenseits
1458 4131 1559 4186 der
1612 4133 1783 4187 Tiber
1838 4148 1929 4187 am
1981 4132 2240 4186 Vatican.
2301 4135 2309 4203 Ι
2370 4139 2452 4186 24.
2510 4133 2807 4188 novissima

454 4206 727 4274 exon-pla,
771 4221 813 4258 s.
852 4219 921 4254 zu
960 4205 1052 4267 12,
1097 4204 1190 4266 20,
1232 4203 1300 4250 10
1344 4203 1596 4257 meritum
1631 4205 1848 4272 quidem
1888 4205 2184 4258 novissima
2219 4204 2480 4273 exempla.
2543 4205 2550 4274 Ι
2610 4208 2695 4258 25.
2742 4204 2805 4256 in

455 4276 740 4333 saevitiam
774 4272 965 4336 unm,
1002 4286 1043 4323 s
1084 4272 1168 4334 14,
1177 4242 1283 4322 ’.63

630 4342 733 4398 45.
775 4348 825 4397 1.
858 4338 967 4393 Die
993 4336 1298 4393 Provinzen
1330 4341 1570 4394 standen
1596 4345 1762 4397 unter
1790 4342 2168 4397 Statthaltern
2192 4343 2309 4396 und
2340 4343 2565 4396 zahlten
2584 4341 2801 4397 Tribut.

454 4414 562 4467 Am
599 4409 1010 4467 schlechtesten
1047 4407 1248 4461 hatten
1274 4424 1334 4461 es
1361 4404 1455 4462 die
1481 4414 1840 4481 stipendiarii
1875 4413 2018 4482 (hier
2044 4412 2150 4467 mit
2169 4415 2488 4482 provinciae
2515 4412 2802 4482 gemeint).
