3075 4800
1076 232 1294 286 LIBER
1327 231 1472 286 XIV.
1528 232 1682 287 GAP.
1722 238 1948 287 32—35.
2411 249 2418 254 ·
2602 237 2687 301 29

335 399 393 461 si
453 418 615 481 quos
673 394 930 460 inbellis
988 416 1176 459 sexus
1239 398 1351 458 aut
1405 393 1575 459 fessa
1629 398 1805 459 aetas
1868 393 1971 458 vel
2033 395 2163 459 loci
2214 395 2485 461 'dulcedo
2542 399 2690 463 atti-

334 490 581 569 nuerat,
628 485 706 548 ab
753 483 942 548 hoste
989 482 1280 567 oppressi
1324 486 1491 546 sunt.
1576 483 1794 548 eadem
1841 483 2052 548 clades
2094 483 2447 568 municipio
2484 485 2689 550 Veru-
2716 514 2767 553 10

333 574 529 638 lamio
575 574 720 656 fuit,
766 572 919 655 quia
961 572 1222 636 barbari
1269 570 1526 635 omissis
1570 572 1851 637 castellis
1897 572 2361 655 praesidiisque
2406 573 2687 639 militare

334 664 647 740 horreum,
704 661 879 744 quod
923 660 1320 724 uberrimum
1367 659 1675 743 spolianti
1728 664 1795 724 et
1849 660 2339 726 defendentibus
2385 662 2689 746 intutum,

337 751 494 815 laeti
539 749 774 834 praeda
820 753 886 813 et
929 748 1224 813 laborum
1263 769 1488 832 segnes
1525 749 1848 831 petebant.
1930 750 2013 813 ad
2060 750 2473 835 septuaginta
2507 750 2691 814 milia

336 839 576 903 civium
623 841 688 901 et
734 837 1056 902 sociorum
1102 837 1184 901 iis
1232 857 1395 920 quae
1430 837 1783 902 memoravi
1819 838 1979 901 locis
2026 838 2331 903 cecidisse
2378 838 2688 903 constitit.

335 947 540 1010 neque
587 926 760 989 enim
808 946 1032 1010 capere
1082 929 1196 988 aut
1239 925 1603 989 venundare
1649 925 1904 990 aliudve
1960 927 2133 1009 quod
2177 927 2334 992 belli
2380 939 2687 992 commer-
2713 953 2765 993 15

335 1015 532 1097 cium,
597 1013 710 1078 sed
764 1014 987 1078 caedes
1040 1012 1360 1097 patibula,
1425 1013 1608 1098 ignes
1663 1035 1907 1099 cruces,
1976 1018 2307 1097 tamquam
2370 1015 2685 1081 reddituri

341 1102 729 1187 supplicium
775 1123 850 1166 ac
894 1105 1233 1185 praerepta
1277 1101 1539 1165 interim
1584 1102 1850 1185 ultione,
1896 1102 2306 1167 festinabant.
2741 1181 2744 1184 .

514 1190 651 1255 Iam
699 1190 1008 1254 Suetonio
1057 1193 1287 1273 quarta
1332 1189 1599 1253 decuma
1641 1190 1815 1276 legio
1871 1211 2017 1254 cum
2072 1191 2424 1257 vexillariis
2478 1193 2688 1257 vicen·
2708 1193 2796 1257 34

337 1279 603 1344 simanis
659 1283 723 1343 et
776 1279 1059 1362 proximi
1104 1277 1473 1362 auxiliares,
1530 1279 1749 1342 decem
1802 1279 2003 1343 ferme
2055 1278 2238 1343 milia
2290 1284 2688 1345 armatorum

340 1372 540 1452 erant,
591 1389 737 1432 cum
785 1368 1082 1432 omittere
1130 1366 1606 1432 cunctationem
1652 1371 1719 1431 et
1763 1367 2068 1451 congredi
2114 1369 2248 1432 acie
2293 1373 2494 1451 parat.
2589 1370 2690 1433 de-

335 1457 612 1542 ligitque
666 1455 880 1520 locum
937 1455 1096 1519 artis
1151 1455 1445 1519 faucibus
1501 1459 1567 1519 et
1616 1478 1656 1519 a
1700 1459 1884 1540 tergo
1942 1455 2105 1530 silva
2160 1456 2473 1542 clausum,
2531 1458 2690 1522 satis

338 1545 600 1630 cognito
647 1543 815 1607 nihil
857 1543 1148 1609 hostium
1193 1543 1322 1607 nisi
1367 1543 1436 1606 in
1471 1543 1686 1607 fronte
1732 1548 1797 1608 et
1834 1546 2122 1626 apertam
2159 1544 2497 1627 planitiem
2534 1567 2690 1629 esse,
2745 1572 2770 1611 ⁵

337 1634 475 1698 sine
529 1636 706 1697 metu
764 1632 1160 1697 insidiarum.
1252 1632 1457 1718 igitur
1510 1632 1905 1717 legionarius
1967 1631 2269 1716 frequens
2334 1632 2690 1719 ordinibus,

334 1721 498 1786 levis
537 1722 778 1785 circum
815 1726 1158 1805 armatura,
1202 1721 1629 1807 conglobatus
1675 1743 1792 1804 pro
1832 1720 2133 1785 cornibus
2180 1742 2374 1804 eques
2421 1722 2690 1786 adstitit.

336 1814 403 1874 at
446 1809 911 1875 Britannorum
957 1810 1178 1892 copiae
1223 1809 1466 1893 passim
1514 1831 1633 1893 per
1677 1813 1964 1873 catervas
2013 1813 2077 1873 et
2123 1810 2368 1874 turmas
2415 1810 2691 1874 exsulta-

337 1899 519 1982 bant,
575 1902 818 1981 quanta
874 1920 1007 1963 non
1060 1897 1220 1962 alias
1273 1898 1653 1981 multitudo,
1717 1902 1782 1961 et
1841 1897 2056 1961 animo
2113 1899 2270 1962 adeo
2327 1899 2553 1982 feroci,
2616 1903 2692 1963 ut

342 1988 645 2072 coniuges
693 2008 949 2071 quoque
1003 1991 1200 2051 testes
1246 1986 1554 2051 victoriae
1609 2007 1826 2051 secum
1881 1986 2209 2051 traherent
2254 1986 2689 2070 plaustrisque
2719 2013 2770 2052 10

337 2076 735 2161 inponerent,
782 2098 944 2159 quae
990 2097 1182 2159 super
1228 2079 1587 2139 extremum
1625 2075 1940 2139 ambitum
1978 2075 2188 2159 campi
2233 2080 2598 2159 posuerant.

516 2164 841 2230 Boudicca
886 2187 1077 2230 curru
1121 2164 1289 2228 filias
1343 2186 1496 2248 prae
1545 2185 1613 2228 se
1657 2163 1924 2247 vehens,
1981 2168 2056 2228 ut
2111 2186 2431 2248 quamque
2485 2164 2688 2229 natio·
2709 2163 2826 2228 35-

335 2274 484 2317 nem
549 2257 931 2337 accesserat,
996 2253 1259 2317 solitum
1326 2253 1584 2336 quidem
1647 2252 1978 2317 Britannis
2040 2252 2426 2317 feminarum
2492 2253 2687 2317 ductu

336 2410 591 2480 gegeben
637 2409 781 2463 sind.
853 2409 980 2479 Vgl.
1021 2428 1064 2463 z.
1095 2410 1156 2464 B.
1197 2409 1306 2465 Cic.
1347 2409 1417 2464 de
1461 2427 1536 2465 or.
1579 2416 1637 2477 3,
1676 2415 1771 2478 61,
1810 2415 1915 2463 230
1963 2409 2308 2478 (Hortensio)
2358 2426 2689 2479 quamquam

335 2481 509 2547 faveo,
545 2487 727 2535 tamen
761 2481 921 2536 illum
947 2482 1118 2535 aetati
1142 2497 1275 2535 suae
1301 2487 1589 2550 praestare
1620 2482 1781 2549 cupio
1809 2482 1936 2551 (nur
1964 2478 2156 2534 seinen
2182 2479 2686 2550 Altersgenossen),
2763 2502 2768 2506 ·

333 2552 484 2606 vobis
518 2567 642 2606 vero
676 2553 838 2606 illum
872 2557 1027 2606 tanto
1062 2552 1325 2606 minorem
1354 2568 1709 2620 praecurrere
1744 2552 1840 2605 vix
1874 2552 2155 2605 honestum
2190 2557 2279 2606 est.
2333 2553 2341 2621 Ι
2393 2555 2443 2605 9.
2482 2557 2583 2606 aut
2620 2582 2688 2591 —

335 2623 434 2689 vel,
462 2639 503 2676 s.
535 2639 603 2674 zu
627 2628 710 2689 14,
732 2627 782 2691 3,
802 2628 851 2676 2.
885 2622 894 2694 Ι
928 2627 1011 2676 10.
1043 2621 1446 2692 Verulamium,
1475 2621 1830 2692 Hauptstadt
1856 2620 1956 2676 der
1975 2619 2402 2689 Cattavellauni,
2430 2620 2689 2675 nordlich

336 2709 445 2746 von
483 2693 582 2746 der
615 2692 902 2747 mittleren
938 2692 1175 2747 Themse
1211 2692 1273 2746 in
1309 2693 1410 2747 der
1440 2692 1695 2763 jetzigen
1730 2690 2056 2746 Grafschaft
2090 2691 2357 2746 Hertford
2401 2692 2549 2745 nahe
2594 2691 2689 2745 bei

339 2763 419 2818 St.
447 2763 677 2817 Albane.
738 2764 748 2833 Ι
809 2769 892 2817 11.
931 2765 1065 2833 quia
1104 2763 1359 2832 ‘indem’,
1400 2764 1615 2832 ‘denn’,
1653 2781 1695 2818 s.
1734 2768 1783 2832 3,
1820 2769 1871 2831 9,
1901 2769 1949 2816 7.
2011 2765 2018 2832 Ι
2082 2767 2163 2815 13.
2201 2764 2382 2833 scynis
2418 2761 2525 2816 mit
2562 2763 2691 2817 dem

342 2833 578 2897 Genetiv
613 2835 759 2888 auch
798 2840 862 2888 16
877 2877 890 2901 ,
935 2839 1000 2887 14
1037 2835 1395 2890 occasionum.
1466 2835 1474 2905 1
1546 2840 1629 2889 14.
1667 2836 1960 2899 sociorum,
2004 2832 2166 2886 nicht
2202 2850 2302 2887 aus
2338 2831 2688 2901 Britannien,

343 2905 585 2959 sondern
621 2922 722 2958 aus
760 2905 1006 2958 anderen
1041 2905 1362 2960 Provinzen.
1415 2908 1424 2975 Ι
1477 2911 1559 2959 15.
1599 2904 1704 2960 Die
1737 2904 1843 2974 obj
1851 2904 1981 2958 ekte
2017 2920 2207 2973 capere
2242 2910 2342 2958 aut
2376 2905 2689 2959 venundare

335 2977 453 3029 und
496 2977 869 3030 commercium
914 2974 1042 3029 sind
1087 2975 1310 3046 zufolge
1356 2975 1509 3031 eines
1547 2977 1821 3046 Zeugmas
1869 2975 2014 3028 auch
2060 2991 2167 3028 von
2211 2975 2550 3041 festinabant
2590 2974 2689 3028 ab·

339 3046 571 3117 hangig,
607 3063 827 3101 woraus
865 3046 957 3100 ein
993 3045 1243 3100 Verbum
1283 3047 1598 3102 ‘betreiben
1662 3046 1786 3100 sich
1818 3046 2206 3100 bekiimmern'
2247 3063 2315 3098 zu
2354 3045 2689 3099 entnehmffl

335 3116 428 3172 ist.
498 3122 506 3184 Ι
577 3124 658 3173 16.
705 3124 984 3187 tamquam
1030 3119 1126 3171 ctt.
1174 3117 1467 3187 bedentet,
1523 3091 1647 3172 daie
1696 3116 1776 3172 sie
1832 3115 2093 3170 wirklich
2139 3115 2232 3170 die
2276 3103 2692 3186 Uberzeugung

335 3188 571 3257 hegten,
621 3187 713 3242 die
748 3188 955 3243 Romer
988 3189 1222 3242 wiirden
1258 3188 1379 3242 sich
1417 3205 1490 3243 an
1524 3188 1698 3243 ihnen
1733 3188 1957 3242 rachen.
2027 3186 2036 3258 Ι
2102 3188 2324 3242 reddere
2369 3188 2511 3240 statt
2556 3187 2690 3241 dare

337 3257 468 3328 (vgl.
587 3276 719 3313 enas
762 3260 915 3329 dare)
961 3259 1293 3315 bezeichnet
1337 3259 1430 3313 die
1465 3258 2028 3329 Wiedervergeltung
2067 3257 2151 3311 im
2196 3256 2461 3328 passiven
2497 3256 2686 3312 Sinne.

334 3328 450 3383 Vor
538 3329 677 3383 'eser
720 3329 1288 3401 Wiedervergeltung
1330 3330 1561 3384 wollten
1605 3330 1688 3384 sie
1730 3328 1894 3383 ihren
1939 3328 2294 3383 Rachedurst
2339 3328 2451 3398 (fiir
2498 3328 2691 3382 fn’iher

336 3399 624 3454 erlittenes
670 3400 921 3455 Unrecht
964 3418 1075 3456 von
1125 3401 1306 3456 seiten
1351 3402 1451 3455 der
1494 3400 1718 3471 Romer)
1767 3399 1969 3454 stillen.
2037 3405 2335 3469 praerepta
2390 3398 2687 3453 aoristisch

338 3472 481 3524 statt
510 3473 921 3540 praeripientes.

512 3541 612 3597 34.
671 3548 720 3596 2.
759 3545 1009 3613 proximi
1043 3544 1349 3600 auxiliares
1386 3541 1513 3596 sind
1552 3541 1643 3596 die
1680 3540 2075 3610 Hilfstruppen
2121 3558 2221 3595 aus
2271 3540 2380 3594 den
2415 3539 2690 3594 nachsten

337 3611 854 3681 Standquartieren.
911 3613 1038 3684 Vgl.
1066 3613 1198 3669 hist.
1227 3620 1279 3683 4,
1302 3619 1368 3667 18
1396 3615 1684 3682 Lupercus
1711 3612 2038 3682 leyionwrios
2074 3629 2102 3666 e
2126 3611 2507 3681 praesentibus
2534 3610 2689 3678 (‘von

338 3683 536 3752 denen,
575 3683 666 3738 die
703 3702 795 3738 am
831 3683 1025 3738 Platze
1060 3686 1313 3755 waren’),
1359 3685 1525 3739 Ubios
1561 3701 1589 3738 e
1616 3684 1889 3753 proximis
1925 3683 2079 3751 (‘von
2116 3682 2321 3749 denen,
2363 3679 2455 3734 die
2489 3679 2552 3733 in
2591 3680 2691 3734 der

224 3810 227 3815 ,
335 3753 390 3806 N
392 3754 501 3807 ahe
536 3755 796 3838 waren'),
833 3756 1186 3810 Treverorum
1222 3757 1421 3826 equites
1455 3755 1609 3809 haud
1646 3755 1800 3837 lonqe
1835 3755 2046 3825 ayentis
2080 3754 2286 3822 raptim
2319 3752 2639 3808 tranmisit.
2676 3751 2685 3824 Ι

336 3831 385 3877 3.
427 3824 681 3895 conyredi
707 3843 823 3880 acie
848 3824 957 3880 wie
983 3825 1098 3880 Liv.
1131 3831 1179 3893 7,
1206 3832 1290 3894 22,
1319 3833 1354 3879 4
1380 3842 1654 3894 nusquam
1681 3841 1796 3880 acie
1823 3840 2101 3894 conpresso
2128 3826 2289 3890 hoste,
2319 3821 2444 3877 eine
2476 3821 2689 3877 seltene

335 3893 721 3966 Verbindung.
779 3895 1007 3950 Caesar:
1046 3896 1107 3950 B.
1139 3896 1202 3950 G.
1236 3903 1284 3966 1,
1305 3901 1390 3966 36,
1411 3902 1442 3949 3
1472 3897 1735 3977 quoniam
1763 3896 1936 3950 armis
1962 3896 2233 3965 conyressi
2259 3900 2447 3961 essent,
2486 3899 2534 3962 7,
2557 3899 2686 3960 65,2

331 3967 544 4035 proelio
576 3968 860 4037 conyressi.
904 3968 913 4038 Ι
962 3972 1009 4021 7.
1048 3968 1252 4022 circum
1282 3968 1380 4021 ‘an
1405 3967 1614 4021 be1den
1642 3965 1853 4022 Seiten'
1894 3965 2003 4021 wie
2029 3971 2081 4034 4,
2112 3971 2179 4020 74
2217 3983 2375 4020 aram
2412 3965 2689 4020 amicitiae

334 4037 643 4107 effiyiesque
679 4040 885 4092 circum
924 4038 1176 4093 Caesaris
1211 4057 1278 4094 ac
1309 4038 1501 4093 Seiani
1534 4055 1801 4105 censuere,
1835 4036 1967 4090 hist.
1999 4043 2049 4106 2,
2079 4042 2146 4090 89
2184 4037 2505 4106 totidemque
2541 4036 2692 4089 circa

334 4139 405 4147 —
440 4108 658 4163 vexilla.
732 4111 741 4177 Ι
810 4114 859 4164 8.
907 4109 1257 4164 exsultabant
1293 4112 1440 4164 etwa
1486 4111 1629 4164 statt
1662 4109 1994 4175 volitabant,
2038 4106 2146 4161 wie
2192 4123 2249 4160 es
2292 4111 2382 4175 15,
2422 4112 2453 4160 9
2490 4103 2688 4159 heisst:

337 4180 584 4246 (hostiles
620 4185 857 4248 turmae)
894 4181 1148 4236 subiectis
1183 4182 1392 4251 campis
1427 4197 1633 4261 maqna
1666 4180 1838 4249 specie
1863 4180 2184 4245 volitabant,
2224 4176 2328 4232 ‘sie
2356 4175 2692 4230 tummelten

332 4249 497 4373 ἰίιείἒῆ
545 4252 554 4318 Ι
580 4256 692 4315 ‚11.
716 4268 871 4375 lquae
897 4283 967 4291 —-
988 4257 1291 4320 posuerant
1317 4252 1369 4306 d.
1392 4250 1444 4306 h.
1477 4251 1570 4305 d1e
1599 4250 1709 4304 den
1737 4249 2049 4304 aussersten
2075 4247 2332 4302 Umkreis
2361 4247 2459 4301 des
2488 4245 2689 4300 Feldes

378 4318 389 4330 '
458 4323 677 4389 eten,v
743 4322 1017 4378 .K.37.

512 4391 613 4447 85.
672 4339 719 4447 lg.
766 4340 958 4449 velans
997 4392 1111 4447 ‘die
1145 4424 1215 4433 —
1243 4393 1443 4449 fahren
1487 4391 1656 4446 liefs’.
1717 4394 1726 4462 Ι
1787 4397 1835 4446 2.
1883 4390 2128 4446 accedere
2171 4388 2278 4441 mit
2323 4388 2453 4443 dem
2488 4387 2685 4442 Aecus.
