3075 4800
462 223 549 287 20
812 221 1160 278 CORNELII
1195 221 1435 279 TACITI
1470 221 1568 275 AB
1603 220 1924 290 EXCESSU
1959 219 2115 275 DIVI
2148 220 2464 276 AUGUSTI

456 406 560 449 res
604 385 866 470 publica
909 386 1234 471 fungatur.
1323 388 1652 449 oratorum
1700 405 1774 449 ac
1818 388 2040 449 vatum
2086 383 2391 449 victorias
2435 385 2812 450 incitamen-

457 477 597 538 tum
644 475 922 560 ingeniis
968 474 1320 557 adlaturas;
1364 493 1483 537 nec
1530 474 1830 557 cuiquam
1876 472 2075 537 iudici
2121 493 2315 558 grave
2352 494 2539 537 aures
2577 474 2813 539 studiis

376 587 426 628 15
454 562 745 628 honestis
810 565 873 627 et
930 561 1373 645 voluptatibus
1438 562 1756 626 concessis
1822 559 2167 644 impertire.
2257 561 2543 626 laetitiae
2603 563 2811 648 magis

456 674 649 735 quam
705 650 1005 716 lasciviae
1059 649 1199 713 dari
1252 670 1489 734 paucas
1535 650 1740 714 totius
1800 648 2224 733 quinquennii
2269 653 2520 733 noctes,
2577 651 2811 733 quibus

455 742 637 804 tanta
681 738 824 804 luce
871 738 1121 824 ignium
1177 737 1343 802 nihil
1396 738 1721 802 inlicitum
1772 737 2081 802 occultari
2128 742 2338 820 queat.
2432 760 2584 803 sane
2628 739 2810 804 nullo

454 828 696 914 insigni
743 826 1313 891 dehonestamento
1360 826 1429 889 id
1474 825 1912 911 spectaculum
1957 826 2233 890 transiit.
2318 848 2392 891 ac
2435 849 2516 890 ne
2558 827 2812 893 modica

455 916 714 999 quidem
761 915 976 979 studia
1020 914 1231 998 plebis
1279 936 1590 999 exarsere,
1638 914 1790 998 quia
1835 914 2071 978 redditi
2119 936 2509 998 quamquam
2548 937 2809 981 scaenae

373 1030 427 1069 20
454 1004 840 1087 pantomimi
887 1003 1345 1067 certaminibus
1381 1004 1580 1067 sacris
1622 1002 2149 1088 prohibebantur.
2242 1002 2646 1086 eloquentiae
2681 1006 2810 1088 pri-

452 1113 593 1156 mas
648 1113 839 1156 nemo
905 1092 1085 1175 tulit,
1151 1091 1263 1157 sed
1326 1091 1638 1156 victorem
1704 1112 1843 1156 esse
1905 1089 2243 1156 Caesarem
2301 1092 2808 1175 pronuntiatum.

454 1178 681 1245 Graeci
737 1180 1038 1263 amictus,
1103 1180 1249 1263 quis
1303 1202 1419 1263 per
1473 1200 1584 1245 eos
1642 1180 1777 1244 dies
1832 1179 2123 1263 plerique
2183 1180 2604 1264 incesserant,
2668 1185 2810 1246 tum

452 1269 882 1334 exoleverunt.
2739 1325 2744 1330 .

345 1357 431 1421 22
629 1356 809 1422 Inter
872 1378 1035 1440 quae
1099 1357 1276 1421 sidus
1342 1360 1623 1421 cometes
1686 1355 1954 1440 effulsit,
2018 1357 2097 1420 de
2161 1377 2291 1440 quo
2345 1356 2527 1444 vulgi
2588 1359 2808 1441 opinio

454 1450 578 1531 est,
633 1451 966 1529 tamquam
1018 1445 1447 1509 mutationem
1501 1446 1674 1530 regis
1730 1446 2108 1528 portendate
2182 1445 2386 1530 igitur
2440 1447 2625 1529 quasi
2680 1448 2809 1512 iam

453 1534 721 1619 depulso
767 1534 1045 1618 Nerone,
1092 1535 1391 1617 quisnam
1437 1534 1844 1619 deligeretur,
1889 1533 2334 1616 anquirebant.
2407 1539 2473 1598 et
2519 1535 2810 1600 omnium

453 1644 563 1688 ore
607 1623 950 1688 Rubellius
993 1622 1265 1687 Plautus
1313 1622 1698 1706 celebratur,
1745 1622 1849 1686 cui
1891 1622 2203 1686 nobilitas
2247 1644 2364 1706 per
2407 1627 2682 1688 matrem
2728 1646 2807 1688 ex

397 1736 424 1777 5
453 1710 622 1775 Iulia
682 1713 947 1777 familia.
1044 1712 1181 1795 ipse
1243 1711 1485 1796 placita
1545 1711 1864 1775 maiorum
1930 1710 2209 1794 colebat,
2272 1711 2502 1775 habitu
2567 1733 2808 1796 severo,

453 1804 628 1882 casta
685 1805 750 1865 et
796 1804 1041 1866 secreta
1095 1801 1313 1884 dom0,
1370 1803 1741 1883 quantoque
1793 1802 1973 1862 metu
2029 1799 2367 1883 occultior,
2422 1804 2605 1864 tanto
2660 1801 2807 1884 plus

450 1888 658 1953 famae
704 1890 990 1973 adeptus,
1064 1888 1248 1952 auxit
1291 1909 1617 1952 rumorem
1663 1888 1806 1970 pari
1842 1887 2127 1952 vanitate
2175 1891 2319 1952 orta
2358 1888 2807 1972 interpretatio

449 1976 748 2062 fulguris.
847 1998 998 2040 nam
1072 1976 1226 2059 quia
1298 1976 1762 2040 discumbentis
1834 1975 2115 2041 Neronis
2194 1977 2365 2060 apud
2439 1975 2808 2041 Simbruina

453 2068 683 2151 stagna
726 2067 800 2130 in
843 2065 1025 2143 villa,
1081 2064 1185 2128 cui
1233 2062 1672 2148 Sublaqueum
1726 2085 1964 2128 nomen
2008 2069 2132 2148 est,
2186 2065 2351 2129 ictae
2396 2065 2591 2150 dapes
2634 2087 2808 2130 men-

372 2177 424 2218 10
451 2175 646 2236 saque
718 2153 986 2218 disiecta
1047 2156 1186 2216 erat
1247 2150 1439 2236 idque
1511 2152 1751 2216 finibus
1815 2151 2162 2217 Tiburtum
2224 2154 2567 2238 acciderat,
2638 2155 2806 2219 unde

447 2245 716 2324 paterna
758 2240 992 2306 Plauto
1042 2241 1226 2328 origo
1237 2291 1255 2324 ,
1307 2240 1481 2306 hunc
1536 2241 1726 2305 illum
1771 2241 2034 2305 numine
2081 2242 2271 2306 deum
2325 2242 2632 2306 destinari
2678 2264 2808 2308 cre-

449 2330 702 2414 debant,
745 2330 1177 2413 fovebantque
1221 2329 1432 2416 multi,
1479 2329 1718 2414 quibus
1764 2351 1932 2394 nova
1977 2333 2044 2394 et
2088 2330 2398 2416 ancipitia
2439 2331 2804 2415 praecolere

630 2492 712 2540 14.
768 2503 933 2556 yrave
980 2485 1499 2541 ‘niederdn'ickend
1513 2488 1551 2556 ',
1597 2486 1726 2541 weil
1775 2488 2098 2541 entehrend.
2159 2488 2168 2557 Ι
2238 2494 2320 2543 19.
2367 2504 2700 2558 quamquam
2743 2488 2806 2542 in

449 2556 829 2626 Anastrophe,
870 2573 910 2610 s.
949 2575 1020 2610 zu
1056 2562 1115 2625 5,
1153 2563 1213 2625 9,
1251 2563 1301 2612 2.
1371 2561 1379 2624 Ι
1450 2563 1534 2613 20.
1583 2557 1689 2612 Die
1720 2559 2051 2627 pantomimi
2087 2556 2215 2611 sind
2252 2558 2557 2627 dieselben,
2596 2559 2687 2613 die
2725 2560 2806 2613 im

448 2626 499 2679 J.
528 2632 596 2680 56
636 2642 737 2679 aus
764 2626 968 2681 Italien
994 2627 1298 2681 verwiesen
1325 2644 1515 2683 waren
1552 2629 1671 2682 und
1700 2634 1786 2697 13,
1815 2634 1883 2683 25
1910 2630 2200 2684 histriones
2235 2632 2484 2700 genannt
2510 2631 2754 2685 werden.
2790 2631 2798 2703 Ι

449 2695 554 2750 Die
583 2696 770 2766 Spiele
797 2699 1022 2751 werden
1051 2697 1136 2752 als
1167 2698 1422 2769 ‘heilige'
1453 2698 1784 2753 bezeichnet
1808 2699 1958 2753 nach
1976 2698 2256 2770 Analogie
2285 2701 2384 2754 der
2482 2700 2800 2755 'echischen

447 2766 865 2823 Nationalfeste
901 2770 1019 2822 und
1044 2768 1174 2823 weil
1201 2769 1351 2824 Nero
1378 2769 1441 2822 in
1466 2768 1641 2823 ihnen
1669 2769 1926 2839 zugleich
1955 2769 2077 2824 sein
2105 2776 2137 2824 5
2144 2770 2399 2840 jahriges
2512 2771 2806 2842 giemngs·

442 2837 729 2907 jubilaum
764 2838 977 2894 feierte.
1043 2840 1127 2893 Im
1154 2839 1202 2895 J.
1233 2846 1300 2895 65
1337 2840 1571 2895 wurden
1610 2839 1690 2894 sie
1725 2839 2073 2896 wiederholt.
2127 2842 2135 2913 Ι
2188 2848 2271 2897 22.
2310 2848 2426 2897 tum
2462 2843 2805 2898 eoeoleverumt

453 2907 602 2962 ‘sind
640 2909 794 2964 dann
829 2909 1038 2980 (gleich
1074 2911 1222 2965 nach
1261 2911 1371 2965 den
1409 2910 1658 2981 Spielen)
1696 2911 2148 2982 abgekommen’.
2824 2922 2830 2927 '

626 2979 723 3034 22.
776 2987 822 3034 1.
860 2980 1016 3036 sidus
1042 2988 1263 3037 cometes
1291 2988 1376 3051 15,
1394 2988 1482 3051 47,
1510 2980 1715 3037 Justin.
1746 2987 1833 3052 37,
1854 2988 1886 3035 2
1914 2983 2072 3038 stella
2098 2990 2332 3038 cometes.
2382 2983 2602 3038 S.Ein1.
2621 2990 2652 3050 ς
2671 2990 2756 3039 46.
2790 2983 2798 3056 ι

448 3050 514 3104 de
560 3067 666 3119 quo
710 3050 818 3104 mit
861 3051 1186 3121 folgendem
1220 3059 1527 3122 tamquam,
1576 3052 1668 3107 die
1704 3052 1920 3106 fremde
1955 3053 2198 3107 Ansicht
2231 3053 2639 3124 bezeichnend,
2684 3071 2806 3109 ver-

448 3119 740 3190 gleichbar
767 3120 878 3176 Cic.
906 3140 961 3191 p.
992 3122 1208 3177 Cluent.
1239 3128 1326 3192 28,
1357 3129 1424 3177 76
1454 3124 1520 3178 de
1546 3140 1653 3193 quo
1681 3131 1813 3179 esset
1838 3131 1964 3180 orta
1989 3126 2231 3194 suspicio
2250 3127 2493 3193 pecumia
2519 3142 2803 3196 oppuyna-

446 3197 581 3257 tum,
618 3191 692 3244 ad
728 3192 847 3246 Att.
889 3199 937 3261 1,
971 3198 1055 3262 13,
1082 3198 1118 3246 4
1155 3193 1221 3248 de
1257 3211 1364 3264 quo
1397 3201 1461 3250 tu
1496 3195 1575 3248 ad
1608 3212 1691 3250 me
1725 3195 2013 3264 scripsisti,
2042 3202 2399 3265 posteaquam
2432 3211 2548 3250 non
2583 3198 2807 3252 auderet
2863 3203 2874 3213 ‘

445 3261 852 3330 reprehendere,
900 3264 1130 3319 laudare
1165 3265 1421 3334 coepisse,
1467 3264 1606 3320 ibid.
1645 3272 1680 3318 4
1695 3308 1709 3333 ,
1750 3271 1816 3319 15
1831 3310 1845 3335 ,
1884 3271 1915 3319 3
1952 3267 2069 3320 nisi
2103 3268 2169 3321 de
2204 3282 2309 3335 quo
2353 3267 2696 3334 exploratum
2731 3268 2807 3322 sit

447 3331 551 3386 tibi
585 3349 707 3387 ewm
742 3334 1102 3389 reddituaum.
1151 3335 1159 3407 Ι
1213 3341 1262 3389 2.
1302 3338 1656 3392 mutationem
1691 3336 1835 3408 reyis
1868 3334 1976 3392 wie
2012 3342 2062 3405 2,
2095 3342 2163 3390 64
2199 3338 2498 3392 mutatione
2523 3337 2806 3407 principis

451 3402 1047 3472 ‘Regentenwechsel’,
1099 3406 1108 3475 Ι
1158 3412 1209 3460 4.
1249 3394 1400 3460 Uber
1428 3406 1521 3459 die
1549 3405 1967 3477 Abstammung
1993 3407 2091 3462 des
2117 3404 2413 3461 Rubellius
2442 3425 2482 3460 s.
2514 3425 2583 3461 zu
2609 3414 2673 3462 13
2716 3413 2801 3462 19.

446 3471 552 3526 Die
580 3473 816 3543 Angabe
844 3475 946 3528 der
970 3476 1388 3547 Abstammung
1414 3477 1559 3531 ohne
1586 3495 1696 3533 esse
1721 3477 1818 3531 bei
1846 3477 1975 3533 Tac.
2004 3495 2111 3531 nur
2140 3478 2309 3546 daun,
2345 3493 2510 3532 wenn
2538 3479 2638 3533 der
2668 3451 2800 3532 Satz

447 3543 612 3598 einen
647 3543 815 3598 Dativ
851 3544 1073 3599 euthalt
1116 3545 1224 3601 wie
1262 3554 1320 3616 6,
1359 3554 1424 3601 51
1458 3555 1621 3616 pater
1655 3550 1707 3604 ei
1742 3549 1918 3617 Ner-0,
1955 3547 2089 3618 Agr.
2119 3554 2179 3617 4,
2217 3547 2350 3602 hist.
2394 3554 2455 3617 1,
2483 3553 2582 3617 483
2621 3554 2673 3618 2,
2703 3554 2796 3616 50,

445 3620 497 3683 3,
527 3620 595 3668 86
631 3615 845 3684 (patria
878 3617 969 3671 illi
1003 3618 1263 3684 Luceria,
1298 3634 1384 3672 wo
1419 3618 1671 3673 Heraeus
1709 3637 1777 3672 zu
1814 3618 2170 3690 vergleichen
2205 3617 2318 3688 ist).
2366 3621 2376 3690 Ι
2418 3636 2521 3688 per
2556 3626 2798 3689 matrem,

443 3685 694 3739 namlich
729 3687 966 3754 Iuliam,
1012 3687 1256 3742 Enkeh‘n
1295 3688 1394 3742 des
1430 3688 1706 3744 Tiberius.
1776 3691 1785 3761 Ι
1853 3695 1901 3744 5.
1935 3690 2151 3759 placita
2186 3691 2391 3745 colebat
2429 3691 2513 3743 ‘er
2548 3690 2799 3761 befolgte

447 3755 539 3810 die
567 3755 954 3811 Grundsatze'.
1054 3760 1223 3814 lacita
1252 3759 1642 3829 ‘Grundsatze,
1661 3760 1966 3814 Maximen'
1999 3761 2145 3815 auch
2172 3759 2305 3814 hist.
2327 3766 2376 3830 3,
2397 3765 2483 3830 81,
2514 3760 2646 3816 dial.
2670 3768 2752 3816 19.
2789 3762 2797 3832 1

447 3831 497 3880 6.
533 3833 735 3881 secreta
761 3828 954 3883 domus
983 3776 1639 3910 ‘ffurficlggezogenheitst
1682 3832 1690 3902 Ι
1741 3837 1790 3885 8.
1830 3832 2214 3911 discumbentis
2240 3848 2348 3886 von
2376 3830 2547 3885 Einer
2572 3832 2799 3899 Person,

445 3914 488 3950 s.
527 3914 595 3949 zu
633 3902 692 3964 3,
732 3903 825 3966 14,
864 3904 911 3951 6.
981 3901 990 3969 Ι
1060 3905 1109 3953 8.
1147 3899 1254 3954 Die
1291 3900 1615 3956 Simbruina
1649 3909 1852 3973 stayna
1887 3902 2015 3955 smd
2052 3902 2174 3956 drei
2210 3902 2397 3972 grosse
2433 3901 2655 3970 Teiche,
2692 3919 2801 3957 von

445 3966 547 4020 der
561 3965 770 4047 ‘Quelle
807 3969 924 4021 und
952 3969 1082 4023 dem
1109 3970 1372 4025 obersten
1397 3971 1578 4027 Laufe
1606 3973 1705 4026 des
1732 3971 1879 4027 Anio
1918 3972 2189 4043 gebildet,
2229 3975 2375 4027 etwa
2405 3974 2563 4027 sechs
2591 3972 2801 4027 Meilen

444 4037 651 4117 osthch
695 4054 803 4092 von
839 4038 999 4094 Rom.
1064 4039 1191 4111 Vgl.
1232 4059 1301 4094 zu
1340 4048 1431 4111 11,
1472 4047 1537 4096 13
1578 4043 1886 4098 Simbruini
1928 4045 2101 4098 colles.
2234 4049 2317 4098 10.
2371 4045 2620 4099 Tiburtes
2665 4044 2802 4097 oder

446 4107 683 4161 Tiburni
729 4107 857 4162 sind
905 4110 998 4165 die
1033 4111 1371 4166 Einwohner
1414 4129 1523 4167 von
1560 4112 1738 4166 Tibur
1783 4130 1875 4168 am
1909 4113 2085 4183 Anio,
2202 4114 2256 4168 ei
2291 4114 2503 4169 Meilen
2546 4113 2801 4168 westlich

445 4194 553 4232 von
599 4178 998 4248 Sublaqueum.
1060 4183 1068 4251 Ι
1138 4188 1219 4235 11.
1262 4189 1514 4251 paterna.
1590 4183 1754 4237 Nach
1800 4191 1858 4253 6,
1896 4190 1963 4238 27
2010 4201 2129 4239 war
2173 4184 2295 4240 sein
2343 4184 2664 4239 Grol'svater
2708 4184 2801 4238 ein

444 4248 749 4303 romischer
793 4249 980 4305 Ritter
1025 4268 1126 4305 aus
1173 4252 1372 4319 Tibur,
1422 4254 1523 4307 der
1567 4254 1629 4307 in
1675 4255 1819 4309 Rom
1862 4255 2139 4310 Rhetorik
2183 4256 2379 4309 lehrte.
2441 4257 2450 4326 Ι
2510 4243 2663 4309 Uber
2707 4254 2799 4309 die

444 4318 816 4391 Brachylogie
852 4323 999 4377 humo
1033 4324 1195 4377 illum
1231 4341 1272 4377 s.
1303 4341 1373 4376 zu
1404 4330 1487 4393 12,
1516 4330 1603 4393 36,
1635 4330 1667 4378 5
1704 4326 1829 4395 quis
1862 4326 1970 4380 ille.
2022 4328 2031 4394 Ι
2085 4331 2168 4381 12.
2198 4328 2511 4397 praecolere
2544 4324 2802 4395 ‘voreilig

445 4388 740 4459 huldigen'
780 4390 859 4445 ist
894 4391 955 4446 in
992 4392 1177 4448 dieser
1211 4393 1550 4465 Bedeutung
1585 4394 1681 4450 ἅπ.
1721 4396 1821 4464 sip.
