3075 4800
1091 246 1308 309 LIBER
1343 247 1459 308 XV.
1515 244 1669 307 CAP.
1708 257 1864 308 4—7.
2570 252 2652 316 57

314 441 579 486 manum
617 441 654 483 a
685 417 1160 504 Tigranocertis
1197 415 1586 480 deductum?
1658 437 1772 481 cur
1808 415 2057 480 deserta
2091 436 2207 498 per
2243 416 2468 497 otium,
2506 437 2666 499 quae
2718 437 2746 479 5

314 511 486 575 bello
535 507 991 573 defenderant?
1082 527 1164 569 an
1209 505 1439 569 melius
1489 503 1927 569 hibernavisse
1982 505 2052 567 in
2097 507 2383 568 extrema
2427 501 2670 587 Cappa-

316 599 525 682 docia,
577 597 814 679 raptim
869 595 1095 659 erectis
1150 594 1456 679 tuguriis,
1520 615 1713 676 quam
1769 594 1839 656 in
1892 593 2038 657 sede
2090 593 2276 677 regni
2327 592 2521 656 modo
2574 611 2668 657 re-

317 687 529 751 tenti‘?
594 685 795 748 dilata
837 704 1101 766 prorsus
1148 704 1350 765 arma,
1396 685 1469 745 ut
1514 681 1868 766 Vologeses
1915 703 2061 746 cum
2108 682 2235 745 alio
2283 703 2476 765 quam
2524 701 2668 745 cum

319 773 681 839 Corbulone
746 774 1043 854 certaret,
1118 769 1397 835 Corbulo
1462 772 1728 834 meritae
1801 773 1901 834 tot
1975 793 2091 853 per
2163 791 2363 834 annos
2426 769 2669 856 gloriae

315 884 449 927 non
491 861 664 926 ultra
706 859 1064 943 periculum
1109 860 1364 924 faceret.
1444 880 1614 942 nam,
1658 863 1733 923 ut
1778 858 2018 943 rettuli,
2063 860 2398 942 proprium
2444 858 2670 922 ducem
2698 879 2751 920 10

317 949 590 1015 tuendae
634 948 977 1013 Armeniae
1030 951 1439 1031 poposcerat,
1495 951 1562 1011 et
1617 948 1956 1012 adventare
2004 946 2389 1012 Caesennius
2434 947 2670 1013 Paetus

320 1038 710 1103 audiebatur.
802 1038 1057 1120 iamque
1124 1037 1367 1119 aderat,
1432 1036 1636 1119 copiis
1703 1036 1795 1100 ita
1857 1036 2106 1120 divisis,
2177 1041 2254 1101 ut
2317 1040 2545 1120 quarta
2607 1039 2674 1099 et

319 1127 695 1192 duodecima
737 1126 1022 1211 legiones
1069 1125 1287 1202 addita
1332 1125 1585 1208 quinta,
1631 1146 1793 1209 quae
1837 1145 2056 1189 recens
2102 1147 2137 1188 e
2181 1125 2420 1190 Moesis
2466 1124 2677 1189 excita

321 1220 475 1300 erat,
523 1215 716 1281 simul
750 1214 1024 1279 Pontica
1063 1218 1128 1277 et
1167 1212 1539 1277 Galatarum
1579 1211 2155 1298 Cappadocumque
2201 1214 2441 1278 auxilia
2473 1212 2672 1277 Paeto

323 1305 725 1387 oboedirent,
774 1303 968 1368 tertia
1012 1306 1079 1366 et
1123 1305 1305 1367 sexta
1350 1305 1415 1366 et
1460 1302 1727 1365 decuma
1769 1302 2056 1387 legiones
2100 1302 2404 1387 priorque
2452 1300 2675 1367 Suriae
2701 1321 2755 1363 ιε

323 1393 508 1457 miles
574 1392 743 1476 apud
799 1390 1229 1455 Corbulonem
1293 1394 1651 1474 manerent3
1715 1393 1926 1454 cetera
1989 1412 2067 1454 ex
2121 1413 2334 1454 rerum
2394 1413 2515 1455 usu
2558 1399 2677 1456 'so-

324 1483 568 1546 ciarent
630 1481 1119 1565 partirenturve.
1211 1478 1322 1544 sed
1374 1500 1582 1563 neque
1638 1476 1917 1542 Corbulo
1974 1479 2209 1543 aemuli
2271 1480 2549 1563 patiens,
2612 1483 2678 1543 et

321 1569 585 1653 Paetus,
640 1570 744 1634 cui
790 1570 945 1632 satis
993 1568 1073 1631 ad
1119 1568 1392 1654 gloriam
1439 1571 1602 1650 erat,
1658 1568 1715 1631 si
1764 1568 2097 1650 proximus
2150 1567 2520 1651 haberetur,
2574 1568 2678 1632 de-

325 1658 637 1742 spiciebat
700 1661 905 1743 gesta,
968 1656 1135 1721 nihil
1201 1656 1411 1721 caedis
1476 1659 1590 1719 aut
1649 1656 1945 1739 praedae,
2017 1660 2355 1739 usurpatas
2415 1656 2677 1720 nominc

322 1750 510 1811 tenus
565 1746 824 1809 urbium
880 1746 1387 1831 expugnationes
1443 1744 1772 1809 dictitans:
1836 1766 1903 1808 se
1957 1744 2204 1808 tributa
2258 1766 2330 1809 ac
2382 1745 2558 1830 leges
2613 1749 2680 1809 et
2705 1763 2759 1804 πο

322 1856 441 1917 pro
486 1833 717 1898 umbra
759 1834 930 1920 regis
975 1833 1342 1897 Romanum
1387 1833 1487 1897 ius
1535 1833 1740 1901 victis,
1770 1833 2242 1917 impositurum.

504 1921 637 1987 Sub
693 1922 863 1986 idem
927 1926 1181 2005 tempus
1244 1922 1446 2007 legati
1508 1919 1879 2007 Vologesis,
1953 1943 2114 2006 quos
2179 1922 2259 1985 ad
2320 1922 2678 2006 principem
2727 1915 2765 1978 ’ἵ

325 2012 556 2076 missos
615 2012 989 2094 memoravi,
1043 2014 1358 2075 revertere
1416 2009 1598 2074 inriti
1650 2010 2020 2093 bellumque
2073 2010 2409 2094 propalam
2465 2032 2680 2093 sump-

325 2104 468 2164 tum
514 2122 553 2163 a
597 2098 871 2164 Parthis.
961 2120 1080 2163 nec
1123 2098 1360 2163 Paetus
1407 2099 1803 2183 detrectavit,
1849 2099 1960 2163 sed
2005 2099 2251 2164 duabus
2296 2098 2679 2185 legionibus,

332 2209 604 2270 quarum
653 2191 947 2271 quartam
991 2186 1421 2252 Funisulanus
1463 2187 1894 2252 Vettonianus
1941 2209 2016 2251 eo
2063 2188 2132 2251 in
2175 2193 2483 2271 tempore,
2529 2188 2682 2251 duo-

287 2282 293 2287 ’
331 2277 664 2341 decumam
721 2275 1016 2341 Calavius
1072 2274 1347 2340 Sabinus
1412 2275 1749 2361 regebant,
1810 2274 2185 2340 Armeniam
2248 2277 2448 2340 intrat
2508 2276 2684 2340 tristi
2734 2293 2761 2335 s

329 2366 559 2430 omine.
651 2387 801 2429 nam
856 2365 925 2429 in
977 2369 1380 2450 transgressu
1435 2363 1817 2449 Euphratis,
1874 2386 2064 2449 quem
2117 2368 2315 2449 ponte
2368 2364 2683 2430 tramitte-

326 2454 519 2537 bant„
546 2455 727 2518 nulla
760 2455 973 2537 palam
1011 2475 1202 2518 causa
1245 2454 1544 2519 turbatus
1583 2476 1803 2538 equus,
1850 2455 1962 2537 qui
2008 2455 2370 2519 consularia
2404 2454 2685 2540 insignia

331 2648 481 2701 deret
526 2646 672 2700 ohne
718 2645 882 2714 Prap.
932 2663 974 2700 s.
1023 2663 1091 2698 zu
1139 2651 1232 2713 13,
1272 2652 1329 2714 7,
1363 2651 1412 2700 8.
1474 2648 1482 2715 Ι
1543 2652 1591 2700 6.
1631 2647 1988 2713 defenderant
2031 2649 2175 2700 trotz
2223 2662 2299 2700 or.
2338 2645 2476 2713 obl.,
2525 2663 2567 2699 s.
2615 2661 2683 2697 zu

334 2723 382 2786 1,
418 2722 503 2786 10,
532 2722 580 2770 8.
643 2718 651 2788 Ι
711 2723 759 2772 9.
807 2717 1030 2772 meritae
1077 2715 1446 2800 ‘erworben’.
1511 2716 1640 2786 Vgl.
1679 2718 1811 2787 Agr.
1831 2723 1892 2800 ,4.
1919 2718 2062 2772 iram
2097 2719 2337 2783 mevitus,
2371 2716 2504 2798 hist.
2535 2722 2585 2784 2,
2614 2721 2679 2769 37

330 2789 743 2939 ἕῖἷιοὲωξόὂὲῗέ.
774 2805 1170 2926 Ψὲἕᾜ
1194 2795 1528 2928 ω”ιῗῖῗὲἓα
1550 2792 2014 2926 ἰιεῗῖεῗὲἷῖἷεῖῗ
2027 2788 2153 2911 111?AE
2168 2786 2684 2913 ..ffa'i’ffzfflrz

332 2928 427 2984 bei
464 2928 575 2984 Cic.
610 2947 664 2999 p.
693 2929 855 2983 Rosc.
889 2945 1027 2983 com.
1062 2934 1145 2997 10,
1175 2934 1259 2984 28.
1311 2937 1320 2997 Ι
1372 2934 1454 2984 10.
1484 2947 1600 2984 non
1636 2931 1778 2982 statt
1810 2947 1896 2997 ne,
1933 2947 1975 2984 s.
2013 2946 2082 2981 zu
2119 2935 2179 2997 4,
2216 2935 2312 2998 48,
2352 2934 2383 2981 9
2420 2929 2537 2982 und
2572 2927 2681 2997 vgl.

332 3005 426 3069 13,
464 3006 561 3070 40,
603 3006 685 3055 10.
747 3002 756 3071 Ι
813 3007 876 3055 ut
910 3001 1120 3068 rettuli,
1158 3000 1262 3069 ΚΡ.
1303 3006 1335 3053 3
1364 3002 1597 3069 proprio
1638 3003 1771 3054 duce
1806 3017 1943 3069 opus
1977 3017 2100 3055 esse.
2161 3003 2169 3071 Ι
2232 3007 2314 3054 11.
2360 2987 2514 3054 Uber
2550 2998 2687 3054 an-

336 3070 563 3125 sennius
602 3088 643 3125 s.
683 3088 752 3123 zu
783 3077 866 3139 14,
897 3076 981 3124 29.
1046 3070 1124 3123 Er
1158 3086 1275 3123 war
1309 3070 1389 3123 im
1416 3070 1463 3124 J.
1496 3076 1562 3125 61
1601 3070 1817 3125 Konsul
1851 3087 2124 3140 gewesen.
2175 3073 2183 3141 Ι
2236 3077 2319 3125 12.
2357 3071 2689 3125 audiebatwr

329 3142 436 3195 mit
468 3142 632 3198 Nom.
669 3158 714 3197 c.
744 3141 864 3209 inf„
902 3142 1047 3195 doch
1083 3140 1186 3211 ΚΡ.
1220 3148 1251 3195 9
1290 3143 1457 3196 donec
1491 3143 1786 3197 adventare
1824 3142 2115 3213 Voloqesen
2149 3144 2421 3208 auditmn,
2458 3151 2498 3195 s.
2536 3140 2684 3195 Einl.

330 3219 361 3279 ἓ
390 3218 476 3280 82,
505 3230 554 3269 a.
590 3216 598 3281 Ι
633 3218 714 3266 15.
744 3214 1007 3282 priorque
1038 3215 1138 3266 ctt.
1179 3212 1231 3267 d.
1259 3211 1314 3265 h.
1347 3211 1439 3266 die
1468 3212 1662 3266 fn’iher
1690 3212 1818 3266 dort
1843 3228 2102 3282 gewesen
2128 3229 2333 3267 waren.
2367 3213 2375 3283 Ι
2410 3216 2493 3266 19.
2522 3228 2685 3266 usur-

323 3291 493 3353 patae
522 3282 841 3353 ‘ausgefibt,
868 3281 1204 3363 vollzogen',
1234 3300 1275 3337 s.
1310 3289 1393 3351 14,
1423 3288 1508 3350 26,
1539 3288 1589 3338 5.
1624 3284 1632 3354 Ι
1663 3285 1883 3338 nomine
1910 3291 2065 3340 tenus
2096 3284 2225 3337 ‘nur
2252 3301 2379 3336 zum
2408 3282 2683 3337 Scheine’.

328 3354 434 3425 ΚΡ.
455 3360 524 3408 45
554 3371 643 3422 ore
670 3361 826 3409 tenus
856 3354 984 3406 ‘nur
1005 3356 1111 3407 mit
1127 3354 1406 3409 Worten'.
1463 3355 1621 3409 verbo
1651 3362 1807 3410 tenus
1827 3353 1937 3409 Cic.
1957 3355 2074 3408 und
2092 3354 2300 3408 Livius.
2335 3355 2343 3425 Ι
2377 3360 2460 3408 21.
2490 3354 2688 3408 umbra

329 3424 390 3478 in
419 3425 714 3479 derselben
740 3424 1076 3494 Bedeutung
1113 3426 1258 3478 auch
1285 3424 1379 3479 bei
1408 3423 1518 3478 Cic.
1548 3443 1604 3494 p.-
1632 3425 1773 3480 Rab.
1803 3425 1952 3481 Post.
1985 3431 2071 3494 15,
2099 3431 2166 3479 41
2205 3426 2456 3480 umbram
2491 3425 2687 3494 equitis

332 3497 577 3552 Romani
611 3503 662 3551 et
696 3497 992 3566 imayinem
1027 3497 1234 3551 videti&

512 3569 568 3622 7.
617 3573 665 3622 2.
704 3567 1009 3621 memoravi.
1066 3566 1142 3619 Es
1169 3566 1248 3620 ist
1273 3566 1378 3635 ΚΡ.
1409 3572 1441 3620 5
1477 3583 1586 3619 nur
1611 3570 1838 3636 gesagt:
1878 3569 2173 3622 missua-um
2201 3599 2268 3607 —
2299 3569 2515 3637 leyatoe.
2579 3564 2686 3618 Die

332 3636 632 3706 Erfiillung
659 3636 842 3691 dieses
861 3636 1273 3706 Versprechens
1300 3637 1443 3690 wird
1473 3637 1559 3690 als
1580 3638 1895 3707 geschehen
1923 3639 2360 3706 vorausgesetzt.
2395 3639 2404 3705 Ι
2437 3643 2487 3691 4.
2515 3634 2685 3689 Funi-

333 3709 563 3762 sulanus
609 3708 829 3762 kommt
860 3707 1008 3772 noch
1044 3706 1123 3760 im
1158 3708 1207 3762 J.
1247 3712 1315 3761 85
1355 3706 1440 3762 als
1478 3707 1819 3763 Statthalter
1854 3725 1963 3761 von
1997 3706 2327 3761 Pannonien
2362 3723 2479 3762 vor.
2550 3708 2558 3776 Ι
2625 3723 2686 3761 eo

332 3781 395 3834 in
439 3786 670 3848 tempore
716 3778 861 3833 auch
909 3784 1002 3846 11,
1042 3784 1136 3846 29,
1183 3781 1246 3832 in
1290 3795 1349 3833 eo
1393 3785 1627 3847 tempore
1665 3785 1759 3847 13,
1797 3785 1881 3833 47.
1943 3781 1952 3847 Ι
2012 3784 2060 3832 5.
2109 3777 2370 3832 Calavius
2415 3777 2494 3831 ist
2529 3779 2688 3831 sonst

331 3849 677 3904 unbekannt.
739 3851 746 3918 Ι
804 3849 918 3903 Der
969 3848 1164 3902 Plural
1207 3850 1470 3919 -reyebwnt
1525 3852 1667 3903 statt
1722 3850 1822 3904 des
1872 3849 2162 3919 Singulars
2213 3849 2289 3903 ist
2333 3846 2685 3903 Taciteische

330 3921 577 3989 Manier,
621 3918 729 3974 wie
769 3926 833 3973 12
847 3962 861 3988 ,
898 3926 964 3973 41
1003 3920 1372 3975 Britarmieus
1407 3922 1472 3974 in
1498 3927 1815 3990 praetexta,
1852 3921 2004 3975 Nero
2040 3921 2365 3989 triumphali
2401 3927 2537 3975 veste
2573 3926 2685 3973 tra-

331 3994 465 4047 vecti
490 3998 634 4047 swnt.
702 3991 754 4045 S.
785 4009 852 4044 zu
883 3998 932 4058 3,
963 3996 1047 4059 62,
1077 3997 1126 4045 2.
1161 3992 1169 4061 Ι
1201 3992 1374 4046 tristis
1404 3991 2077 4061 ‘ungltickverheissend',
2115 3991 2267 4046 wohl
2294 3989 2687 4061 urspri‘inglich

268 4077 280 4088 ·
330 4062 423 4117 ein
462 4062 715 4116 sakraler
741 4061 1054 4129 Ausdruck,
1092 4061 1194 4115 das
1229 4060 1524 4131 Gegenteil
1564 4064 1738 4117 laetus
1777 4061 2368 4132 ‘gliickverheissend’,
2405 4061 2515 4132 vgl.
2554 4059 2684 4113 hist.

333 4141 381 4202 1,
412 4139 479 4189 62
519 4135 722 4188 laetum
757 4134 1071 4202 auywrium.
1133 4134 1142 4201 Ι
1200 4139 1249 4187 6.
1289 4140 1656 4203 transqressu,
1702 4131 1988 4187 vielleicht
2023 4132 2117 4187 bei
2154 4132 2422 4187 Melitene
2459 4131 2539 4185 im
2576 4133 2689 4185 ost-

330 4204 518 4260 lichen
545 4202 958 4273 Cappadocien,
995 4219 1082 4257 wo
1120 4202 1265 4257 auch
1292 4202 1396 4273 ΚΡ.
1429 4209 1496 4256 26
1535 4204 1628 4258 ein
1656 4192 1961 4275 Ubergang
1999 4204 2330 4258 stattfindet.
2383 4204 2391 4275 Ι
2443 4209 2491 4257 ’7.
2527 4202 2690 4257 nulla

321 4276 520 4399 ἒαῖαπι
554 4292 726 4329 causa
766 4274 935 4328 ‘ohne
973 4272 1369 4328 ersichtlichen
1407 4273 1644 4344 Grund’,
1686 4293 1726 4330 s.
1766 4293 1834 4328 zu
1865 4280 1948 4343 11,
1979 4281 2065 4343 22,
2097 4281 2142 4329 1.
2195 4277 2203 4344 Ι
2254 4291 2421 4343 equus
2457 4274 2553 4342 qui
2588 4274 2686 4326 ctt.

380 4364 406 4400 s
453 4346 532 4399 ist
579 4346 679 4399 der
724 4362 894 4414 equus
929 4346 1281 4414 phaleratus,
1325 4344 1420 4399 bei
1456 4344 1685 4414 Dionys.
1722 4362 1831 4400 von
1867 4345 2159 4400 Halikarn.
2199 4344 2372 4407 ἵππος
2415 4342 2692 4413 φαλάροις

276 4485 281 4490 ⁵
339 4415 765 4487 κεκοσμημένος,
803 4414 896 4468 ein
932 4415 1327 4484 Paradepferd.
