<?xml version="1.0" encoding="UTF-8"?>
<!DOCTYPE html PUBLIC "-//W3C//DTD XHTML 1.0 Transitional//EN"
    "http://www.w3.org/TR/xhtml1/DTD/xhtml1-transitional.dtd">
<html xmlns="http://www.w3.org/1999/xhtml" xml:lang="en" lang="en">
 <head>
  <title>
</title>
<meta http-equiv="Content-Type" content="text/html;charset=utf-8" />
  <meta name='ocr-system' content='tesseract 3.04.00' />
  <meta name='ocr-capabilities' content='ocr_page ocr_carea ocr_par ocr_line ocrx_word'/>
</head>
<body>
  <div class='ocr_page' id='page_1' title='image "./dieannalendesta01draegoog_0063.png"; bbox 0 0 3075 4800; ppageno 0'>
   <div class='ocr_carea' id='block_1_1' title="bbox 1047 255 2645 321">
    <p class='ocr_par' dir='ltr' id='par_1_1' title="bbox 1047 255 2645 321">
     <span class='ocr_line' id='line_1_1' title="bbox 1047 255 2645 321; baseline 0.003 -14"><span class='ocrx_word' id='word_1_1' title='bbox 1047 255 1263 308; x_wconf 85' lang='lat' dir='ltr'>LIBER</span> <span class='ocrx_word' id='word_1_2' title='bbox 1298 256 1421 314; x_wconf 82' lang='lat' dir='ltr'>XII.</span> <span class='ocrx_word' id='word_1_3' title='bbox 1473 255 1625 310; x_wconf 89' lang='lat' dir='ltr'>CAP.</span> <span class='ocrx_word' id='word_1_4' title='bbox 1665 262 1894 310; x_wconf 83' lang='lat'>41—43.</span> <span class='ocrx_word' id='word_1_5' title='bbox 2559 256 2645 321; x_wconf 82' lang='grc'>59</span> 
     </span>
    </p>
   </div>
   <div class='ocr_carea' id='block_1_2' title="bbox 270 416 2748 1829">
    <p class='ocr_par' dir='ltr' id='par_1_2' title="bbox 270 416 2714 1366">
     <span class='ocr_line' id='line_1_2' title="bbox 270 416 2644 502; baseline 0 -20"><span class='ocrx_word' id='word_1_6' title='bbox 270 419 447 482; x_wconf 86' lang='lat' dir='ltr'>lium</span> <span class='ocrx_word' id='word_1_7' title='bbox 503 417 782 502; x_wconf 83' lang='lat' dir='ltr'><strong>ingredi,</strong></span> <span class='ocrx_word' id='word_1_8' title='bbox 838 417 949 500; x_wconf 91' lang='lat' dir='ltr'>qui</span> <span class='ocrx_word' id='word_1_9' title='bbox 1003 416 1209 481; x_wconf 83' lang='lat' dir='ltr'>honos</span> <span class='ocrx_word' id='word_1_10' title='bbox 1257 418 1693 482; x_wconf 91' lang='lat' dir='ltr'>sacerdotibus</span> <span class='ocrx_word' id='word_1_11' title='bbox 1739 422 1804 482; x_wconf 93' lang='lat' dir='ltr'>et</span> <span class='ocrx_word' id='word_1_12' title='bbox 1851 419 2046 482; x_wconf 88' lang='lat' dir='ltr'>sacris</span> <span class='ocrx_word' id='word_1_13' title='bbox 2094 419 2451 502; x_wconf 90' lang='lat' dir='ltr'>antiquitus</span> <span class='ocrx_word' id='word_1_14' title='bbox 2496 440 2644 483; x_wconf 94' lang='lat' dir='ltr'>con-</span> 
     </span>
     <span class='ocr_line' id='line_1_3' title="bbox 271 506 2714 592; baseline -0.001 -21"><span class='ocrx_word' id='word_1_15' title='bbox 271 528 500 572; x_wconf 84' lang='lat' dir='ltr'>cessus</span> <span class='ocrx_word' id='word_1_16' title='bbox 537 506 1013 570; x_wconf 85' lang='lat' dir='ltr'>venerationem</span> <span class='ocrx_word' id='word_1_17' title='bbox 1052 506 1327 591; x_wconf 76' lang='lat' dir='ltr'>augebat</span> <span class='ocrx_word' id='word_1_18' title='bbox 1362 506 1656 590; x_wconf 83' lang='lat' dir='ltr'>feminae,</span> <span class='ocrx_word' id='word_1_19' title='bbox 1696 528 1888 590; x_wconf 91' lang='lat' dir='ltr'>quam</span> <span class='ocrx_word' id='word_1_20' title='bbox 1928 507 2310 590; x_wconf 73' lang='lat' dir='ltr'>imperatore</span> <span class='ocrx_word' id='word_1_21' title='bbox 2339 506 2643 592; x_wconf 76' lang='lat' dir='ltr'>genitam,</span> <span class='ocrx_word' id='word_1_22' title='bbox 2664 532 2714 570; x_wconf 80' lang='grc' dir='ltr'>ιο</span> 
     </span>
     <span class='ocr_line' id='line_1_4' title="bbox 278 594 2642 681; baseline -0 -22"><span class='ocrx_word' id='word_1_23' title='bbox 278 616 575 660; x_wconf 90' lang='lat' dir='ltr'>sororem</span> <span class='ocrx_word' id='word_1_24' title='bbox 633 595 795 677; x_wconf 83' lang='lat' dir='ltr'>eius,</span> <span class='ocrx_word' id='word_1_25' title='bbox 854 594 967 677; x_wconf 91' lang='lat' dir='ltr'>qui</span> <span class='ocrx_word' id='word_1_26' title='bbox 1019 616 1233 657; x_wconf 92' lang='lat' dir='ltr'>rerum</span> <span class='ocrx_word' id='word_1_27' title='bbox 1287 596 1535 678; x_wconf 91' lang='lat' dir='ltr'>potitus</span> <span class='ocrx_word' id='word_1_28' title='bbox 1594 596 1704 678; x_wconf 83' lang='lat' dir='ltr'>sit,</span> <span class='ocrx_word' id='word_1_29' title='bbox 1761 599 1825 659; x_wconf 93' lang='lat' dir='ltr'>et</span> <span class='ocrx_word' id='word_1_30' title='bbox 1871 597 2212 681; x_wconf 86' lang='lat' dir='ltr'>coniugem</span> <span class='ocrx_word' id='word_1_31' title='bbox 2258 600 2324 659; x_wconf 90' lang='lat' dir='ltr'>et</span> <span class='ocrx_word' id='word_1_32' title='bbox 2369 599 2642 659; x_wconf 89' lang='lat' dir='ltr'>matrem</span> 
     </span>
     <span class='ocr_line' id='line_1_5' title="bbox 282 681 2646 768; baseline -0 -21"><span class='ocrx_word' id='word_1_33' title='bbox 282 684 513 766; x_wconf 78' lang='lat' dir='ltr'>fuisse,</span> <span class='ocrx_word' id='word_1_34' title='bbox 558 683 821 746; x_wconf 88' lang='lat' dir='ltr'>unicum</span> <span class='ocrx_word' id='word_1_35' title='bbox 868 682 948 746; x_wconf 91' lang='lat' dir='ltr'>ad</span> <span class='ocrx_word' id='word_1_36' title='bbox 991 681 1165 746; x_wconf 90' lang='lat' dir='ltr'>hunc</span> <span class='ocrx_word' id='word_1_37' title='bbox 1210 683 1380 746; x_wconf 92' lang='lat' dir='ltr'>diem</span> <span class='ocrx_word' id='word_1_38' title='bbox 1426 684 1793 766; x_wconf 86' lang='lat' dir='ltr'>exemplum</span> <span class='ocrx_word' id='word_1_39' title='bbox 1839 687 1952 748; x_wconf 89' lang='lat' dir='ltr'>est.</span> <span class='ocrx_word' id='word_1_40' title='bbox 2045 685 2215 748; x_wconf 90' lang='lat' dir='ltr'>inter</span> <span class='ocrx_word' id='word_1_41' title='bbox 2260 706 2422 768; x_wconf 91' lang='lat' dir='ltr'>quae</span> <span class='ocrx_word' id='word_1_42' title='bbox 2467 705 2646 767; x_wconf 90' lang='lat' dir='ltr'>prae-</span> 
     </span>
     <span class='ocr_line' id='line_1_6' title="bbox 275 770 2644 858; baseline 0 -22"><span class='ocrx_word' id='word_1_43' title='bbox 275 773 514 855; x_wconf 87' lang='lat' dir='ltr'>cipuus</span> <span class='ocrx_word' id='word_1_44' title='bbox 577 775 1022 857; x_wconf 83' lang='lat' dir='ltr'>propugnator</span> <span class='ocrx_word' id='word_1_45' title='bbox 1085 772 1220 835; x_wconf 88' lang='lat' dir='ltr'>eius</span> <span class='ocrx_word' id='word_1_46' title='bbox 1285 770 1616 855; x_wconf 85' lang='lat' dir='ltr'>Vitellius,</span> <span class='ocrx_word' id='word_1_47' title='bbox 1679 773 2077 837; x_wconf 85' lang='lat' dir='ltr'>validissima</span> <span class='ocrx_word' id='word_1_48' title='bbox 2137 773 2372 858; x_wconf 84' lang='lat' dir='ltr'>gratia,</span> <span class='ocrx_word' id='word_1_49' title='bbox 2438 775 2644 836; x_wconf 89' lang='lat' dir='ltr'>aetate</span> 
     </span>
     <span class='ocr_line' id='line_1_7' title="bbox 276 856 2645 947; baseline -0 -22"><span class='ocrx_word' id='word_1_50' title='bbox 276 865 573 924; x_wconf 82' lang='lat' dir='ltr'>extrema</span> <span class='ocrx_word' id='word_1_51' title='bbox 638 856 823 945; x_wconf 89' lang='lat' dir='ltr'>(adeo</span> <span class='ocrx_word' id='word_1_52' title='bbox 889 860 1165 923; x_wconf 77' lang='lat' dir='ltr'>incertae</span> <span class='ocrx_word' id='word_1_53' title='bbox 1232 864 1384 924; x_wconf 90' lang='lat' dir='ltr'>sunt</span> <span class='ocrx_word' id='word_1_54' title='bbox 1444 861 1810 943; x_wconf 90' lang='lat' dir='ltr'>potentium</span> <span class='ocrx_word' id='word_1_55' title='bbox 1865 859 1995 947; x_wconf 91' lang='lat' dir='ltr'>res)</span> <span class='ocrx_word' id='word_1_56' title='bbox 2054 861 2454 925; x_wconf 78' lang='lat' dir='ltr'>accusatione</span> <span class='ocrx_word' id='word_1_57' title='bbox 2510 882 2645 924; x_wconf 93' lang='lat' dir='ltr'>cor-</span> 
     </span>
     <span class='ocr_line' id='line_1_8' title="bbox 275 945 2714 1032; baseline -0 -20"><span class='ocrx_word' id='word_1_58' title='bbox 275 949 547 1032; x_wconf 79' lang='lat' dir='ltr'>ripitur,</span> <span class='ocrx_word' id='word_1_59' title='bbox 604 947 924 1012; x_wconf 87' lang='lat' dir='ltr'>deferente</span> <span class='ocrx_word' id='word_1_60' title='bbox 979 945 1166 1011; x_wconf 88' lang='lat' dir='ltr'>Iunio</span> <span class='ocrx_word' id='word_1_61' title='bbox 1212 948 1397 1031; x_wconf 93' lang='lat' dir='ltr'>Lupo</span> <span class='ocrx_word' id='word_1_62' title='bbox 1455 952 1762 1013; x_wconf 80' lang='lat' dir='ltr'>senatore.</span> <span class='ocrx_word' id='word_1_63' title='bbox 1854 949 1910 1013; x_wconf 90' lang='lat' dir='ltr'>is</span> <span class='ocrx_word' id='word_1_64' title='bbox 1965 949 2235 1013; x_wconf 90' lang='lat' dir='ltr'>crimina</span> <span class='ocrx_word' id='word_1_65' title='bbox 2288 949 2642 1013; x_wconf 89' lang='lat' dir='ltr'>maiestatis</span> <span class='ocrx_word' id='word_1_66' title='bbox 2665 972 2714 1012; x_wconf 87' lang='lat'>15</span> 
     </span>
     <span class='ocr_line' id='line_1_9' title="bbox 279 1036 2643 1122; baseline 0 -22"><span class='ocrx_word' id='word_1_67' title='bbox 279 1041 350 1100; x_wconf 92' lang='lat' dir='ltr'>et</span> <span class='ocrx_word' id='word_1_68' title='bbox 407 1037 774 1120; x_wconf 88' lang='lat' dir='ltr'>cupidinem</span> <span class='ocrx_word' id='word_1_69' title='bbox 828 1037 1084 1119; x_wconf 90' lang='lat' dir='ltr'>imperii</span> <span class='ocrx_word' id='word_1_70' title='bbox 1139 1036 1528 1122; x_wconf 82' lang='lat' dir='ltr'>obiectabat3</span> <span class='ocrx_word' id='word_1_71' title='bbox 1584 1037 2108 1121; x_wconf 82' lang='lat' dir='ltr'>praebuissetque</span> <span class='ocrx_word' id='word_1_72' title='bbox 2165 1059 2347 1102; x_wconf 86' lang='lat' dir='ltr'>aures</span> <span class='ocrx_word' id='word_1_73' title='bbox 2396 1036 2643 1121; x_wconf 89' lang='lat' dir='ltr'>Caesar,</span> 
     </span>
     <span class='ocr_line' id='line_1_10' title="bbox 275 1124 2643 1210; baseline -0 -20"><span class='ocrx_word' id='word_1_74' title='bbox 275 1126 413 1190; x_wconf 90' lang='lat' dir='ltr'>nisi</span> <span class='ocrx_word' id='word_1_75' title='bbox 457 1124 855 1210; x_wconf 85' lang='lat' dir='ltr'>Agrippinae</span> <span class='ocrx_word' id='word_1_76' title='bbox 908 1125 1101 1189; x_wconf 88' lang='lat' dir='ltr'>minis</span> <span class='ocrx_word' id='word_1_77' title='bbox 1147 1126 1355 1210; x_wconf 88' lang='lat' dir='ltr'>magis</span> <span class='ocrx_word' id='word_1_78' title='bbox 1402 1147 1596 1210; x_wconf 90' lang='lat' dir='ltr'>quam</span> <span class='ocrx_word' id='word_1_79' title='bbox 1640 1126 1939 1208; x_wconf 90' lang='lat' dir='ltr'>precibus</span> <span class='ocrx_word' id='word_1_80' title='bbox 1985 1130 2272 1191; x_wconf 89' lang='lat' dir='ltr'>mutatus</span> <span class='ocrx_word' id='word_1_81' title='bbox 2318 1130 2510 1209; x_wconf 87' lang='lat' dir='ltr'>esset,</span> <span class='ocrx_word' id='word_1_82' title='bbox 2568 1130 2643 1189; x_wconf 90' lang='lat' dir='ltr'>ut</span> 
     </span>
     <span class='ocr_line' id='line_1_11' title="bbox 274 1214 2643 1300; baseline -0 -22"><span class='ocrx_word' id='word_1_83' title='bbox 274 1214 642 1278; x_wconf 84' lang='lat' dir='ltr'>accusatori</span> <span class='ocrx_word' id='word_1_84' title='bbox 716 1235 882 1296; x_wconf 88' lang='lat' dir='ltr'>aqua</span> <span class='ocrx_word' id='word_1_85' title='bbox 953 1217 1144 1296; x_wconf 89' lang='lat' dir='ltr'>atque</span> <span class='ocrx_word' id='word_1_86' title='bbox 1217 1215 1354 1300; x_wconf 88' lang='lat' dir='ltr'>igni</span> <span class='ocrx_word' id='word_1_87' title='bbox 1428 1215 1852 1279; x_wconf 89' lang='lat' dir='ltr'>interdiceret.</span> <span class='ocrx_word' id='word_1_88' title='bbox 1962 1214 2271 1279; x_wconf 90' lang='lat' dir='ltr'>hactenus</span> <span class='ocrx_word' id='word_1_89' title='bbox 2337 1214 2643 1279; x_wconf 84' lang='lat' dir='ltr'>Vitellius</span> 
     </span>
     <span class='ocr_line' id='line_1_12' title="bbox 280 1302 596 1366; baseline -0.006 0"><span class='ocrx_word' id='word_1_90' title='bbox 280 1302 596 1366; x_wconf 83' lang='lat' dir='ltr'>voluerat.</span> 
     </span>
    </p>

    <p class='ocr_par' dir='ltr' id='par_1_3' title="bbox 275 1389 2748 1829">
     <span class='ocr_line' id='line_1_13' title="bbox 462 1389 2748 1476; baseline -0 -22"><span class='ocrx_word' id='word_1_91' title='bbox 462 1389 674 1454; x_wconf 89' lang='lat' dir='ltr'>Multa</span> <span class='ocrx_word' id='word_1_92' title='bbox 734 1410 810 1453; x_wconf 92' lang='lat' dir='ltr'>eo</span> <span class='ocrx_word' id='word_1_93' title='bbox 877 1411 1041 1453; x_wconf 91' lang='lat' dir='ltr'>anno</span> <span class='ocrx_word' id='word_1_94' title='bbox 1098 1390 1396 1476; x_wconf 89' lang='lat' dir='ltr'>prodigia</span> <span class='ocrx_word' id='word_1_95' title='bbox 1448 1413 1731 1456; x_wconf 81' lang='lat' dir='ltr'>evenere.</span> <span class='ocrx_word' id='word_1_96' title='bbox 1830 1391 2143 1456; x_wconf 90' lang='lat' dir='ltr'>insessum</span> <span class='ocrx_word' id='word_1_97' title='bbox 2199 1392 2355 1456; x_wconf 91' lang='lat' dir='ltr'>diris</span> <span class='ocrx_word' id='word_1_98' title='bbox 2412 1391 2637 1455; x_wconf 84' lang='lat' dir='ltr'>avibus</span> <span class='ocrx_word' id='word_1_99' title='bbox 2660 1390 2748 1453; x_wconf 81' lang='lat'>43</span> 
     </span>
     <span class='ocr_line' id='line_1_14' title="bbox 276 1476 2642 1563; baseline 0 -20"><span class='ocrx_word' id='word_1_100' title='bbox 276 1476 704 1562; x_wconf 82' lang='lat' dir='ltr'>Capitolium,</span> <span class='ocrx_word' id='word_1_101' title='bbox 767 1478 1005 1542; x_wconf 90' lang='lat' dir='ltr'>crebris</span> <span class='ocrx_word' id='word_1_102' title='bbox 1070 1482 1276 1542; x_wconf 90' lang='lat' dir='ltr'>terrae</span> <span class='ocrx_word' id='word_1_103' title='bbox 1339 1479 1624 1544; x_wconf 92' lang='lat' dir='ltr'>motibus</span> <span class='ocrx_word' id='word_1_104' title='bbox 1677 1484 1981 1563; x_wconf 91' lang='lat' dir='ltr'>prorutae</span> <span class='ocrx_word' id='word_1_105' title='bbox 2036 1481 2291 1563; x_wconf 87' lang='lat' dir='ltr'>domus,</span> <span class='ocrx_word' id='word_1_106' title='bbox 2359 1501 2430 1544; x_wconf 92' lang='lat' dir='ltr'>ac</span> <span class='ocrx_word' id='word_1_107' title='bbox 2485 1481 2642 1544; x_wconf 93' lang='lat' dir='ltr'>dum</span> 
     </span>
     <span class='ocr_line' id='line_1_15' title="bbox 278 1566 2643 1654; baseline 0 -23"><span class='ocrx_word' id='word_1_108' title='bbox 278 1567 478 1632; x_wconf 90' lang='lat' dir='ltr'>latius</span> <span class='ocrx_word' id='word_1_109' title='bbox 545 1566 880 1651; x_wconf 82' lang='lat' dir='ltr'>metuitur,</span> <span class='ocrx_word' id='word_1_110' title='bbox 943 1567 1371 1650; x_wconf 89' lang='lat' dir='ltr'>trepidatione</span> <span class='ocrx_word' id='word_1_111' title='bbox 1435 1568 1617 1654; x_wconf 83' lang='lat' dir='ltr'>vulgi</span> <span class='ocrx_word' id='word_1_112' title='bbox 1681 1567 1999 1633; x_wconf 84' lang='lat' dir='ltr'>invalidus</span> <span class='ocrx_word' id='word_1_113' title='bbox 2061 1570 2331 1653; x_wconf 89' lang='lat' dir='ltr'>quisque</span> <span class='ocrx_word' id='word_1_114' title='bbox 2387 1568 2643 1653; x_wconf 80' lang='lat' dir='ltr'>obtriti3</span> 
     </span>
     <span class='ocr_line' id='line_1_16' title="bbox 278 1655 2642 1741; baseline 0.001 -22"><span class='ocrx_word' id='word_1_115' title='bbox 278 1655 546 1741; x_wconf 87' lang='lat' dir='ltr'>frugum</span> <span class='ocrx_word' id='word_1_116' title='bbox 602 1676 857 1738; x_wconf 90' lang='lat' dir='ltr'>quoque</span> <span class='ocrx_word' id='word_1_117' title='bbox 912 1659 1161 1741; x_wconf 90' lang='lat' dir='ltr'>egestas</span> <span class='ocrx_word' id='word_1_118' title='bbox 1217 1660 1282 1720; x_wconf 90' lang='lat' dir='ltr'>et</span> <span class='ocrx_word' id='word_1_119' title='bbox 1329 1660 1471 1720; x_wconf 90' lang='lat' dir='ltr'>orta</span> <span class='ocrx_word' id='word_1_120' title='bbox 1516 1679 1596 1720; x_wconf 83' lang='lat' dir='ltr'>ex</span> <span class='ocrx_word' id='word_1_121' title='bbox 1640 1678 1716 1720; x_wconf 93' lang='lat' dir='ltr'>eo</span> <span class='ocrx_word' id='word_1_122' title='bbox 1764 1657 1965 1721; x_wconf 87' lang='lat' dir='ltr'>fames</span> <span class='ocrx_word' id='word_1_123' title='bbox 2011 1657 2081 1720; x_wconf 91' lang='lat' dir='ltr'>in</span> <span class='ocrx_word' id='word_1_124' title='bbox 2124 1657 2496 1741; x_wconf 89' lang='lat' dir='ltr'>prodigium</span> <span class='ocrx_word' id='word_1_125' title='bbox 2545 1678 2642 1721; x_wconf 92' lang='lat' dir='ltr'>ac-</span> 
     </span>
     <span class='ocr_line' id='line_1_17' title="bbox 275 1744 2687 1829; baseline 0 -21"><span class='ocrx_word' id='word_1_126' title='bbox 275 1744 656 1827; x_wconf 85' lang='lat' dir='ltr'>cipiebatur.</span> <span class='ocrx_word' id='word_1_127' title='bbox 755 1764 872 1808; x_wconf 90' lang='lat' dir='ltr'>nec</span> <span class='ocrx_word' id='word_1_128' title='bbox 938 1744 1174 1808; x_wconf 89' lang='lat' dir='ltr'>occulti</span> <span class='ocrx_word' id='word_1_129' title='bbox 1236 1748 1491 1808; x_wconf 91' lang='lat' dir='ltr'>tantum</span> <span class='ocrx_word' id='word_1_130' title='bbox 1554 1750 1844 1829; x_wconf 83' lang='lat' dir='ltr'>questus,</span> <span class='ocrx_word' id='word_1_131' title='bbox 1911 1745 2021 1809; x_wconf 90' lang='lat' dir='ltr'>sed</span> <span class='ocrx_word' id='word_1_132' title='bbox 2076 1747 2218 1809; x_wconf 90' lang='lat' dir='ltr'>iura</span> <span class='ocrx_word' id='word_1_133' title='bbox 2271 1744 2642 1815; x_wconf 85' lang='lat' dir='ltr'>reddentem</span> <span class='ocrx_word' id='word_1_134' title='bbox 2661 1770 2687 1809; x_wconf 89' lang='lat'>5</span> 
     </span>
    </p>
   </div>
   <div class='ocr_carea' id='block_1_3' title="bbox 288 1870 722 1880">
    <p class='ocr_par' dir='ltr' id='par_1_4' title="bbox 288 1870 722 1880">
     <span class='ocr_line' id='line_1_18' title="bbox 288 1870 722 1880; baseline 0 2920"><span class='ocrx_word' id='word_1_135' title='bbox 288 1870 722 1880; x_wconf 95' lang='lat' dir='ltr'> </span> 
     </span>
    </p>
   </div>
   <div class='ocr_carea' id='block_1_4' title="bbox 277 1934 2645 4483">
    <p class='ocr_par' dir='ltr' id='par_1_5' title="bbox 277 1934 2645 4483">
     <span class='ocr_line' id='line_1_19' title="bbox 283 1934 2639 2008; baseline 0 -20"><span class='ocrx_word' id='word_1_136' title='bbox 283 1934 690 1989; x_wconf 79' lang='lat' dir='ltr'>n‘icksichtlich</span> <span class='ocrx_word' id='word_1_137' title='bbox 727 1935 827 2007; x_wconf 87' lang='lat' dir='ltr'>der</span> <span class='ocrx_word' id='word_1_138' title='bbox 861 1935 1196 2005; x_wconf 85' lang='lat' dir='ltr'>Equipagen</span> <span class='ocrx_word' id='word_1_139' title='bbox 1233 1935 1409 1989; x_wconf 90' lang='lat' dir='ltr'>durch</span> <span class='ocrx_word' id='word_1_140' title='bbox 1438 1935 1582 1991; x_wconf 86' lang='lat' dir='ltr'>Sitte</span> <span class='ocrx_word' id='word_1_141' title='bbox 1620 1938 1738 1990; x_wconf 90' lang='lat' dir='ltr'>und</span> <span class='ocrx_word' id='word_1_142' title='bbox 1765 1938 2144 2008; x_wconf 80' lang='lat' dir='ltr'>Herkommen</span> <span class='ocrx_word' id='word_1_143' title='bbox 2181 1936 2639 2006; x_wconf 66' lang='lat' dir='ltr'>eingeschrankt,</span> 
     </span>
     <span class='ocr_line' id='line_1_20' title="bbox 280 1997 2643 2076; baseline 0 -16"><span class='ocrx_word' id='word_1_144' title='bbox 280 2006 401 2060; x_wconf 89' lang='lat' dir='ltr'>und</span> <span class='ocrx_word' id='word_1_145' title='bbox 456 2005 630 2060; x_wconf 87' lang='lat' dir='ltr'>schon</span> <span class='ocrx_word' id='word_1_146' title='bbox 684 2005 785 2060; x_wconf 90' lang='lat' dir='ltr'>der</span> <span class='ocrx_word' id='word_1_147' title='bbox 828 2005 944 2059; x_wconf 85' lang='lat' dir='ltr'>alte</span> <span class='ocrx_word' id='word_1_148' title='bbox 981 2005 1121 2061; x_wconf 86' lang='lat' dir='ltr'>Cato</span> <span class='ocrx_word' id='word_1_149' title='bbox 1166 2006 1288 2076; x_wconf 84' lang='lat' dir='ltr'>legt</span> <span class='ocrx_word' id='word_1_150' title='bbox 1324 2022 1383 2060; x_wconf 90' lang='lat' dir='ltr'>es</span> <span class='ocrx_word' id='word_1_151' title='bbox 1419 2006 1594 2061; x_wconf 89' lang='lat' dir='ltr'>ihnen</span> <span class='ocrx_word' id='word_1_152' title='bbox 1633 2007 1716 2061; x_wconf 91' lang='lat' dir='ltr'>als</span> <span class='ocrx_word' id='word_1_153' title='bbox 1755 1997 2030 2062; x_wconf 79' lang='lat' dir='ltr'>Ubermut</span> <span class='ocrx_word' id='word_1_154' title='bbox 2067 2025 2197 2076; x_wconf 89' lang='lat' dir='ltr'>aus,</span> <span class='ocrx_word' id='word_1_155' title='bbox 2235 2008 2510 2076; x_wconf 76' lang='lat' dir='ltr'>carpentis</span> <span class='ocrx_word' id='word_1_156' title='bbox 2539 2024 2643 2075; x_wconf 87' lang='lat' dir='ltr'>per</span> 
     </span>
     <span class='ocr_line' id='line_1_21' title="bbox 281 2075 2640 2145; baseline -0 -14"><span class='ocrx_word' id='word_1_157' title='bbox 281 2078 471 2131; x_wconf 88' lang='lat' dir='ltr'>urbem</span> <span class='ocrx_word' id='word_1_158' title='bbox 515 2078 731 2130; x_wconf 85' lang='lat' dir='ltr'>vectari.</span> <span class='ocrx_word' id='word_1_159' title='bbox 807 2075 995 2130; x_wconf 83' lang='lat' dir='ltr'>Selbst</span> <span class='ocrx_word' id='word_1_160' title='bbox 1041 2077 1153 2130; x_wconf 90' lang='lat' dir='ltr'>den</span> <span class='ocrx_word' id='word_1_161' title='bbox 1188 2075 1486 2131; x_wconf 83' lang='lat' dir='ltr'>Gebrauch</span> <span class='ocrx_word' id='word_1_162' title='bbox 1532 2077 1689 2132; x_wconf 91' lang='lat' dir='ltr'>einer</span> <span class='ocrx_word' id='word_1_163' title='bbox 1735 2078 1932 2133; x_wconf 73' lang='lat' dir='ltr'>Sanfte</span> <span class='ocrx_word' id='word_1_164' title='bbox 1980 2081 2309 2145; x_wconf 78' lang='lat' dir='ltr'>untersagte</span> <span class='ocrx_word' id='word_1_165' title='bbox 2346 2076 2640 2131; x_wconf 86' lang='lat' dir='ltr'>Domitian</span> 
     </span>
     <span class='ocr_line' id='line_1_22' title="bbox 284 2147 2642 2218; baseline 0.001 -18"><span class='ocrx_word' id='word_1_166' title='bbox 284 2147 397 2201; x_wconf 92' lang='lat' dir='ltr'>den</span> <span class='ocrx_word' id='word_1_167' title='bbox 433 2147 714 2216; x_wconf 75' lang='lat' dir='ltr'>probrosis</span> <span class='ocrx_word' id='word_1_168' title='bbox 756 2147 991 2214; x_wconf 79' lang='lat' dir='ltr'>feminis.</span> <span class='ocrx_word' id='word_1_169' title='bbox 1064 2147 1193 2216; x_wconf 86' lang='lat' dir='ltr'>Vgl.</span> <span class='ocrx_word' id='word_1_170' title='bbox 1232 2147 1495 2201; x_wconf 88' lang='lat' dir='ltr'>indessen</span> <span class='ocrx_word' id='word_1_171' title='bbox 1531 2148 1697 2218; x_wconf 87' lang='lat' dir='ltr'>Verg.</span> <span class='ocrx_word' id='word_1_172' title='bbox 1728 2150 1866 2203; x_wconf 91' lang='lat' dir='ltr'>Aen.</span> <span class='ocrx_word' id='word_1_173' title='bbox 1898 2154 1948 2217; x_wconf 89' lang='grc'>8,</span> <span class='ocrx_word' id='word_1_174' title='bbox 1980 2155 2084 2203; x_wconf 85' lang='grc'>665</span> <span class='ocrx_word' id='word_1_175' title='bbox 2141 2156 2321 2204; x_wconf 88' lang='lat' dir='ltr'>castae</span> <span class='ocrx_word' id='word_1_176' title='bbox 2371 2149 2642 2203; x_wconf 74' lang='lat' dir='ltr'>ducebant</span> 
     </span>
     <span class='ocr_line' id='line_1_23' title="bbox 278 2218 2634 2288; baseline -0.001 -15"><span class='ocrx_word' id='word_1_177' title='bbox 278 2235 445 2273; x_wconf 88' lang='lat' dir='ltr'>sacra</span> <span class='ocrx_word' id='word_1_178' title='bbox 472 2235 575 2286; x_wconf 90' lang='lat' dir='ltr'>per</span> <span class='ocrx_word' id='word_1_179' title='bbox 608 2220 795 2273; x_wconf 83' lang='lat' dir='ltr'>wrbem</span> <span class='ocrx_word' id='word_1_180' title='bbox 822 2218 1050 2287; x_wconf 82' lang='lat' dir='ltr'>pilentis</span> <span class='ocrx_word' id='word_1_181' title='bbox 1084 2225 1282 2273; x_wconf 89' lang='lat' dir='ltr'>matres</span> <span class='ocrx_word' id='word_1_182' title='bbox 1317 2220 1381 2272; x_wconf 87' lang='lat' dir='ltr'>in</span> <span class='ocrx_word' id='word_1_183' title='bbox 1406 2220 1676 2286; x_wconf 84' lang='lat' dir='ltr'>mollibus,</span> <span class='ocrx_word' id='word_1_184' title='bbox 1713 2218 1831 2274; x_wconf 85' lang='lat' dir='ltr'>Liv.</span> <span class='ocrx_word' id='word_1_185' title='bbox 1864 2226 1912 2287; x_wconf 86' lang='lat'>5,</span> <span class='ocrx_word' id='word_1_186' title='bbox 1943 2225 2010 2274; x_wconf 81' lang='lat'>25</span> <span class='ocrx_word' id='word_1_187' title='bbox 2037 2221 2392 2288; x_wconf 75' lang='lat' dir='ltr'>honoremque</span> <span class='ocrx_word' id='word_1_188' title='bbox 2421 2221 2485 2273; x_wconf 93' lang='lat' dir='ltr'>ob</span> <span class='ocrx_word' id='word_1_189' title='bbox 2513 2236 2634 2272; x_wconf 89' lang='lat' dir='ltr'>eam</span> 
     </span>
     <span class='ocr_line' id='line_1_24' title="bbox 282 2288 2640 2359; baseline -0 -16"><span class='ocrx_word' id='word_1_190' title='bbox 282 2288 715 2356; x_wconf 74' lang='lat' dir='ltr'>munificentiam</span> <span class='ocrx_word' id='word_1_191' title='bbox 748 2288 937 2355; x_wconf 78' lang='lat' dir='ltr'>fermit</span> <span class='ocrx_word' id='word_1_192' title='bbox 970 2289 1237 2343; x_wconf 90' lang='lat' dir='ltr'>matronis</span> <span class='ocrx_word' id='word_1_193' title='bbox 1270 2289 1535 2356; x_wconf 82' lang='lat' dir='ltr'>habitum,</span> <span class='ocrx_word' id='word_1_194' title='bbox 1571 2297 1636 2344; x_wconf 89' lang='lat' dir='ltr'>ut</span> <span class='ocrx_word' id='word_1_195' title='bbox 1664 2292 1874 2359; x_wconf 82' lang='lat' dir='ltr'>pilento</span> <span class='ocrx_word' id='word_1_196' title='bbox 1902 2293 1977 2345; x_wconf 91' lang='lat' dir='ltr'>ad</span> <span class='ocrx_word' id='word_1_197' title='bbox 2012 2308 2175 2345; x_wconf 89' lang='lat' dir='ltr'>sacra</span> <span class='ocrx_word' id='word_1_198' title='bbox 2213 2291 2488 2358; x_wconf 86' lang='lat' dir='ltr'>ludosque,</span> <span class='ocrx_word' id='word_1_199' title='bbox 2518 2306 2640 2343; x_wconf 87' lang='lat' dir='ltr'>car-</span> 
     </span>
     <span class='ocr_line' id='line_1_25' title="bbox 277 2358 2639 2486; baseline -0.001 -71"><span class='ocrx_word' id='word_1_200' title='bbox 277 2361 462 2486; x_wconf 56' lang='lat' dir='ltr'>gentis</span> <span class='ocrx_word' id='word_1_201' title='bbox 494 2360 632 2427; x_wconf 78' lang='lat' dir='ltr'>festo</span> <span class='ocrx_word' id='word_1_202' title='bbox 662 2359 1006 2429; x_wconf 79' lang='lat' dir='ltr'>profestoque</span> <span class='ocrx_word' id='word_1_203' title='bbox 1039 2366 1335 2415; x_wconf 88' lang='lat' dir='ltr'>uterentur.</span> <span class='ocrx_word' id='word_1_204' title='bbox 1371 2361 1379 2431; x_wconf 99' lang='grc' dir='ltr'>Ι</span> <span class='ocrx_word' id='word_1_205' title='bbox 1413 2364 1461 2414; x_wconf 85' lang='grc'>9.</span> <span class='ocrx_word' id='word_1_206' title='bbox 1500 2362 1688 2416; x_wconf 87' lang='lat' dir='ltr'>sacris.</span> <span class='ocrx_word' id='word_1_207' title='bbox 1754 2360 2248 2417; x_wconf 84' lang='lat' dir='ltr'>Wahrscheinlich</span> <span class='ocrx_word' id='word_1_208' title='bbox 2286 2359 2412 2414; x_wconf 86' lang='lat' dir='ltr'>sind</span> <span class='ocrx_word' id='word_1_209' title='bbox 2448 2358 2639 2414; x_wconf 90' lang='lat' dir='ltr'>kleine</span> 
     </span>
     <span class='ocr_line' id='line_1_26' title="bbox 324 2430 2638 2502; baseline -0.001 -17"><span class='ocrx_word' id='word_1_210' title='bbox 324 2430 652 2485; x_wconf 86' lang='lat' dir='ltr'>tandbilder</span> <span class='ocrx_word' id='word_1_211' title='bbox 689 2430 789 2483; x_wconf 88' lang='lat' dir='ltr'>der</span> <span class='ocrx_word' id='word_1_212' title='bbox 822 2431 1076 2484; x_wconf 86' lang='lat' dir='ltr'>Penaten</span> <span class='ocrx_word' id='word_1_213' title='bbox 1112 2431 1283 2485; x_wconf 85' lang='lat' dir='ltr'>Roms</span> <span class='ocrx_word' id='word_1_214' title='bbox 1321 2430 1585 2501; x_wconf 87' lang='lat' dir='ltr'>gemeint.</span> <span class='ocrx_word' id='word_1_215' title='bbox 1620 2436 1628 2502; x_wconf 99' lang='grc' dir='ltr'>Ι</span> <span class='ocrx_word' id='word_1_216' title='bbox 1664 2439 1745 2486; x_wconf 93' lang='grc'>10.</span> <span class='ocrx_word' id='word_1_217' title='bbox 1784 2434 2123 2501; x_wconf 78' lang='lat' dir='ltr'>imperatore.</span> <span class='ocrx_word' id='word_1_218' title='bbox 2170 2432 2299 2486; x_wconf 90' lang='lat' dir='ltr'>Wie</span> <span class='ocrx_word' id='word_1_219' title='bbox 2339 2430 2431 2485; x_wconf 89' lang='lat' dir='ltr'>die</span> <span class='ocrx_word' id='word_1_220' title='bbox 2471 2430 2638 2485; x_wconf 83' lang='lat' dir='ltr'>Stief-</span> 
     </span>
     <span class='ocr_line' id='line_1_27' title="bbox 284 2500 2640 2571; baseline -0 -16"><span class='ocrx_word' id='word_1_221' title='bbox 284 2501 461 2556; x_wconf 73' lang='lat' dir='ltr'>sbhne</span> <span class='ocrx_word' id='word_1_222' title='bbox 499 2501 596 2555; x_wconf 89' lang='lat' dir='ltr'>des</span> <span class='ocrx_word' id='word_1_223' title='bbox 634 2502 948 2571; x_wconf 74' lang='lat' dir='ltr'>AugustuS,</span> <span class='ocrx_word' id='word_1_224' title='bbox 993 2501 1244 2555; x_wconf 67' lang='lat' dir='ltr'>namlich</span> <span class='ocrx_word' id='word_1_225' title='bbox 1281 2501 1540 2556; x_wconf 86' lang='lat' dir='ltr'>Tiberius</span> <span class='ocrx_word' id='word_1_226' title='bbox 1580 2503 1695 2556; x_wconf 92' lang='lat' dir='ltr'>und</span> <span class='ocrx_word' id='word_1_227' title='bbox 1732 2502 1972 2571; x_wconf 84' lang='lat' dir='ltr'>Drusus,</span> <span class='ocrx_word' id='word_1_228' title='bbox 2012 2520 2072 2557; x_wconf 92' lang='lat' dir='ltr'>so</span> <span class='ocrx_word' id='word_1_229' title='bbox 2119 2502 2282 2556; x_wconf 86' lang='lat' dir='ltr'>hatte</span> <span class='ocrx_word' id='word_1_230' title='bbox 2322 2501 2466 2556; x_wconf 88' lang='lat' dir='ltr'>auch</span> <span class='ocrx_word' id='word_1_231' title='bbox 2505 2500 2640 2556; x_wconf 83' lang='lat' dir='ltr'>Ger-</span> 
     </span>
     <span class='ocr_line' id='line_1_28' title="bbox 285 2571 2639 2645; baseline 0 -19"><span class='ocrx_word' id='word_1_232' title='bbox 285 2572 542 2627; x_wconf 89' lang='lat' dir='ltr'>manicus</span> <span class='ocrx_word' id='word_1_233' title='bbox 581 2571 686 2627; x_wconf 87' lang='lat' dir='ltr'>auf</span> <span class='ocrx_word' id='word_1_234' title='bbox 707 2571 1039 2627; x_wconf 88' lang='lat' dir='ltr'>Lebenszeit</span> <span class='ocrx_word' id='word_1_235' title='bbox 1076 2573 1185 2627; x_wconf 90' lang='lat' dir='ltr'>den</span> <span class='ocrx_word' id='word_1_236' title='bbox 1213 2571 1399 2626; x_wconf 85' lang='lat' dir='ltr'>Titel</span> <span class='ocrx_word' id='word_1_237' title='bbox 1435 2574 1731 2642; x_wconf 83' lang='lat' dir='ltr'>imperator</span> <span class='ocrx_word' id='word_1_238' title='bbox 1769 2574 2041 2629; x_wconf 89' lang='lat' dir='ltr'>erhalten.</span> <span class='ocrx_word' id='word_1_239' title='bbox 2076 2576 2084 2645; x_wconf 99' lang='grc' dir='ltr'>Ι</span> <span class='ocrx_word' id='word_1_240' title='bbox 2120 2579 2202 2627; x_wconf 91' lang='grc'>11.</span> <span class='ocrx_word' id='word_1_241' title='bbox 2233 2590 2469 2628; x_wconf 91' lang='lat' dir='ltr'>sororem</span> <span class='ocrx_word' id='word_1_242' title='bbox 2504 2574 2639 2641; x_wconf 87' lang='lat' dir='ltr'>eius,</span> 
     </span>
     <span class='ocr_line' id='line_1_29' title="bbox 284 2641 2639 2713; baseline 0 -17"><span class='ocrx_word' id='word_1_243' title='bbox 284 2643 385 2698; x_wconf 86' lang='lat' dir='ltr'>des</span> <span class='ocrx_word' id='word_1_244' title='bbox 414 2642 688 2712; x_wconf 86' lang='lat' dir='ltr'>Caligula.</span> <span class='ocrx_word' id='word_1_245' title='bbox 723 2644 731 2713; x_wconf 99' lang='grc' dir='ltr'>Ι</span> <span class='ocrx_word' id='word_1_246' title='bbox 766 2649 849 2697; x_wconf 86' lang='grc'>13.</span> <span class='ocrx_word' id='word_1_247' title='bbox 887 2642 1084 2697; x_wconf 89' lang='lat' dir='ltr'>Dieser</span> <span class='ocrx_word' id='word_1_248' title='bbox 1111 2642 1376 2698; x_wconf 89' lang='lat' dir='ltr'>Vitellius</span> <span class='ocrx_word' id='word_1_249' title='bbox 1413 2641 1619 2697; x_wconf 88' lang='lat' dir='ltr'>nimmt</span> <span class='ocrx_word' id='word_1_250' title='bbox 1655 2644 1779 2698; x_wconf 87' lang='lat' dir='ltr'>eine</span> <span class='ocrx_word' id='word_1_251' title='bbox 1818 2643 2081 2699; x_wconf 69' lang='lat' dir='ltr'>ahnliche</span> <span class='ocrx_word' id='word_1_252' title='bbox 2112 2643 2374 2713; x_wconf 83' lang='lat' dir='ltr'>Stellung</span> <span class='ocrx_word' id='word_1_253' title='bbox 2410 2642 2503 2697; x_wconf 90' lang='lat' dir='ltr'>ein</span> <span class='ocrx_word' id='word_1_254' title='bbox 2532 2642 2639 2697; x_wconf 82' lang='lat' dir='ltr'>wie</span> 
     </span>
     <span class='ocr_line' id='line_1_30' title="bbox 285 2712 2641 2783; baseline -0 -16"><span class='ocrx_word' id='word_1_255' title='bbox 285 2713 377 2768; x_wconf 88' lang='lat' dir='ltr'>die</span> <span class='ocrx_word' id='word_1_256' title='bbox 424 2712 820 2783; x_wconf 66' lang='lat' dir='ltr'>bersichtigten</span> <span class='ocrx_word' id='word_1_257' title='bbox 856 2712 1316 2783; x_wconf 86' lang='lat' dir='ltr'>Freigelassenen</span> <span class='ocrx_word' id='word_1_258' title='bbox 1362 2714 1460 2768; x_wconf 90' lang='lat' dir='ltr'>des</span> <span class='ocrx_word' id='word_1_259' title='bbox 1508 2713 1803 2783; x_wconf 83' lang='lat' dir='ltr'>Claudius3</span> <span class='ocrx_word' id='word_1_260' title='bbox 1858 2732 1917 2770; x_wconf 90' lang='lat' dir='ltr'>er</span> <span class='ocrx_word' id='word_1_261' title='bbox 1971 2714 2050 2769; x_wconf 87' lang='lat' dir='ltr'>ist</span> <span class='ocrx_word' id='word_1_262' title='bbox 2096 2713 2476 2768; x_wconf 83' lang='lat' dir='ltr'>einflufsreich</span> <span class='ocrx_word' id='word_1_263' title='bbox 2521 2714 2641 2772; x_wconf 90' lang='lat' dir='ltr'>und</span> 
     </span>
     <span class='ocr_line' id='line_1_31' title="bbox 281 2783 2642 2854; baseline -0.001 -15"><span class='ocrx_word' id='word_1_264' title='bbox 281 2802 396 2839; x_wconf 82' lang='lat' dir='ltr'>von</span> <span class='ocrx_word' id='word_1_265' title='bbox 433 2784 681 2838; x_wconf 89' lang='lat' dir='ltr'>ehrloser</span> <span class='ocrx_word' id='word_1_266' title='bbox 717 2783 1059 2852; x_wconf 81' lang='lat' dir='ltr'>Gesinnung.</span> <span class='ocrx_word' id='word_1_267' title='bbox 1113 2787 1120 2854; x_wconf 98' lang='grc' dir='ltr'>Ι</span> <span class='ocrx_word' id='word_1_268' title='bbox 1182 2790 1265 2839; x_wconf 91' lang='lat'>14.</span> <span class='ocrx_word' id='word_1_269' title='bbox 1304 2786 1440 2839; x_wconf 85' lang='lat' dir='ltr'>adeo</span> <span class='ocrx_word' id='word_1_270' title='bbox 1477 2786 1713 2841; x_wconf 75' lang='lat' dir='ltr'>incertae</span> <span class='ocrx_word' id='word_1_271' title='bbox 1748 2793 1879 2840; x_wconf 88' lang='lat' dir='ltr'>sunt</span> <span class='ocrx_word' id='word_1_272' title='bbox 1907 2787 2214 2854; x_wconf 82' lang='lat' dir='ltr'>potentium</span> <span class='ocrx_word' id='word_1_273' title='bbox 2249 2803 2349 2840; x_wconf 88' lang='lat' dir='ltr'>res.</span> <span class='ocrx_word' id='word_1_274' title='bbox 2423 2784 2642 2838; x_wconf 89' lang='lat' dir='ltr'>Voran-</span> 
     </span>
     <span class='ocr_line' id='line_1_32' title="bbox 286 2854 2642 2926; baseline -0 -17"><span class='ocrx_word' id='word_1_275' title='bbox 286 2854 550 2925; x_wconf 86' lang='lat' dir='ltr'>gestellte</span> <span class='ocrx_word' id='word_1_276' title='bbox 586 2854 926 2908; x_wconf 86' lang='lat' dir='ltr'>Parenthese</span> <span class='ocrx_word' id='word_1_277' title='bbox 962 2854 1070 2908; x_wconf 85' lang='lat' dir='ltr'>wie</span> <span class='ocrx_word' id='word_1_278' title='bbox 1110 2860 1159 2921; x_wconf 90' lang='lat'>1,</span> <span class='ocrx_word' id='word_1_279' title='bbox 1189 2861 1257 2909; x_wconf 82' lang='lat'>39</span> <span class='ocrx_word' id='word_1_280' title='bbox 1313 2873 1379 2910; x_wconf 90' lang='lat' dir='ltr'>ac</span> <span class='ocrx_word' id='word_1_281' title='bbox 1422 2857 1488 2909; x_wconf 92' lang='lat' dir='ltr'>ni</span> <span class='ocrx_word' id='word_1_282' title='bbox 1523 2856 1785 2926; x_wconf 83' lang='lat' dir='ltr'>aquilifer</span> <span class='ocrx_word' id='word_1_283' title='bbox 1825 2857 2164 2925; x_wconf 83' lang='lat' dir='ltr'>C&#39;alpwrnius</span> <span class='ocrx_word' id='word_1_284' title='bbox 2199 2858 2311 2910; x_wconf 83' lang='lat' dir='ltr'>vim</span> <span class='ocrx_word' id='word_1_285' title='bbox 2347 2862 2642 2909; x_wconf 77' lang='lat' dir='ltr'>extremam</span> 
     </span>
     <span class='ocr_line' id='line_1_33' title="bbox 283 2926 2644 2997; baseline -0 -16"><span class='ocrx_word' id='word_1_286' title='bbox 283 2928 573 2993; x_wconf 78' lang='lat' dir='ltr'>arcuisset,</span> <span class='ocrx_word' id='word_1_287' title='bbox 629 2929 844 2993; x_wconf 86' lang='lat' dir='ltr'>(rarum</span> <span class='ocrx_word' id='word_1_288' title='bbox 888 2927 1053 2980; x_wconf 88' lang='lat' dir='ltr'>etiam</span> <span class='ocrx_word' id='word_1_289' title='bbox 1089 2928 1233 2981; x_wconf 87' lang='lat' dir='ltr'>inter</span> <span class='ocrx_word' id='word_1_290' title='bbox 1268 2927 1465 2993; x_wconf 82' lang='lat' dir='ltr'>hostes)</span> <span class='ocrx_word' id='word_1_291' title='bbox 1515 2927 1724 2997; x_wconf 75' lang='lat' dir='ltr'>leqatus</span> <span class='ocrx_word' id='word_1_292' title='bbox 1753 2929 1954 2995; x_wconf 84' lang='lat' dir='ltr'>populi</span> <span class='ocrx_word' id='word_1_293' title='bbox 1990 2928 2235 2982; x_wconf 87' lang='lat' dir='ltr'>Romani</span> <span class='ocrx_word' id='word_1_294' title='bbox 2270 2926 2541 2981; x_wconf 85' lang='lat' dir='ltr'>Romanis</span> <span class='ocrx_word' id='word_1_295' title='bbox 2578 2926 2644 2980; x_wconf 84' lang='lat' dir='ltr'>in</span> 
     </span>
     <span class='ocr_line' id='line_1_34' title="bbox 283 2997 2641 3067; baseline -0.001 -15"><span class='ocrx_word' id='word_1_296' title='bbox 283 2997 480 3052; x_wconf 87' lang='lat' dir='ltr'>castris</span> <span class='ocrx_word' id='word_1_297' title='bbox 527 2997 796 3067; x_wconf 75' lang='lat' dir='ltr'>sanquine</span> <span class='ocrx_word' id='word_1_298' title='bbox 844 3012 943 3050; x_wconf 87' lang='lat' dir='ltr'>suo</span> <span class='ocrx_word' id='word_1_299' title='bbox 1000 2997 1208 3051; x_wconf 86' lang='lat' dir='ltr'>altaria</span> <span class='ocrx_word' id='word_1_300' title='bbox 1261 2998 1422 3051; x_wconf 90' lang='lat' dir='ltr'>deum</span> <span class='ocrx_word' id='word_1_301' title='bbox 1476 3000 1995 3066; x_wconf 79' lang='lat' dir='ltr'>commaculavisset,</span> <span class='ocrx_word' id='word_1_302' title='bbox 2056 3007 2102 3066; x_wconf 94' lang='lat'>1,</span> <span class='ocrx_word' id='word_1_303' title='bbox 2134 3003 2219 3065; x_wconf 88' lang='grc'>79,</span> <span class='ocrx_word' id='word_1_304' title='bbox 2250 3002 2308 3065; x_wconf 66' lang='grc'>7,</span> <span class='ocrx_word' id='word_1_305' title='bbox 2347 3002 2398 3065; x_wconf 87' lang='grc'>4,</span> <span class='ocrx_word' id='word_1_306' title='bbox 2428 3001 2515 3064; x_wconf 85' lang='grc'>55,</span> <span class='ocrx_word' id='word_1_307' title='bbox 2547 3002 2641 3064; x_wconf 82' lang='grc'>12;</span> 
     </span>
     <span class='ocr_line' id='line_1_35' title="bbox 287 3066 2637 3139; baseline -0 -18"><span class='ocrx_word' id='word_1_308' title='bbox 287 3074 381 3137; x_wconf 84' lang='lat'>14,</span> <span class='ocrx_word' id='word_1_309' title='bbox 423 3072 516 3136; x_wconf 86' lang='lat'>59,</span> <span class='ocrx_word' id='word_1_310' title='bbox 558 3073 650 3134; x_wconf 75' lang='lat'>123</span> <span class='ocrx_word' id='word_1_311' title='bbox 697 3066 827 3120; x_wconf 76' lang='lat' dir='ltr'>hist.</span> <span class='ocrx_word' id='word_1_312' title='bbox 872 3071 1194 3135; x_wconf 81' lang='lat'>1,15,22;</span> <span class='ocrx_word' id='word_1_313' title='bbox 1241 3073 1300 3134; x_wconf 83' lang='lat'>2,</span> <span class='ocrx_word' id='word_1_314' title='bbox 1341 3072 1435 3135; x_wconf 84' lang='lat' dir='ltr'>ss,</span> <span class='ocrx_word' id='word_1_315' title='bbox 1475 3072 1533 3135; x_wconf 73' lang='grc'>6,</span> <span class='ocrx_word' id='word_1_316' title='bbox 1581 3073 1641 3135; x_wconf 85' lang='lat'>3,</span> <span class='ocrx_word' id='word_1_317' title='bbox 1675 3073 1769 3137; x_wconf 81' lang='lat'>31,</span> <span class='ocrx_word' id='word_1_318' title='bbox 1800 3075 1868 3122; x_wconf 82' lang='lat'>20</span> <span class='ocrx_word' id='word_1_319' title='bbox 1898 3087 1950 3124; x_wconf 88' lang='lat' dir='ltr'>u.</span> <span class='ocrx_word' id='word_1_320' title='bbox 1981 3085 2031 3124; x_wconf 85' lang='lat' dir='ltr'>a.</span> <span class='ocrx_word' id='word_1_321' title='bbox 2106 3068 2233 3137; x_wconf 86' lang='lat' dir='ltr'>Vgl.</span> <span class='ocrx_word' id='word_1_322' title='bbox 2274 3068 2415 3136; x_wconf 83' lang='lat' dir='ltr'>Kap.</span> <span class='ocrx_word' id='word_1_323' title='bbox 2447 3073 2505 3135; x_wconf 82' lang='lat'>2,</span> <span class='ocrx_word' id='word_1_324' title='bbox 2537 3073 2585 3120; x_wconf 87' lang='lat'>9.</span> <span class='ocrx_word' id='word_1_325' title='bbox 2629 3066 2637 3139; x_wconf 88' lang='grc' dir='ltr'>Ι</span> 
     </span>
     <span class='ocr_line' id='line_1_36' title="bbox 287 3137 2644 3209; baseline 0 -18"><span class='ocrx_word' id='word_1_326' title='bbox 287 3144 371 3193; x_wconf 91' lang='grc'>18.</span> <span class='ocrx_word' id='word_1_327' title='bbox 409 3139 669 3192; x_wconf 77' lang='lat' dir='ltr'>hactenus</span> <span class='ocrx_word' id='word_1_328' title='bbox 708 3138 791 3191; x_wconf 83' lang='lat' dir='ltr'>‘so</span> <span class='ocrx_word' id='word_1_329' title='bbox 829 3137 981 3191; x_wconf 88' lang='lat' dir='ltr'>weit’</span> <span class='ocrx_word' id='word_1_330' title='bbox 1025 3137 1077 3191; x_wconf 90' lang='lat' dir='ltr'>d.</span> <span class='ocrx_word' id='word_1_331' title='bbox 1107 3138 1161 3192; x_wconf 87' lang='lat' dir='ltr'>h.</span> <span class='ocrx_word' id='word_1_332' title='bbox 1204 3139 1331 3191; x_wconf 75' lang='lat' dir='ltr'>‘nur</span> <span class='ocrx_word' id='word_1_333' title='bbox 1368 3138 1534 3207; x_wconf 86' lang='lat' dir='ltr'>dies’,</span> <span class='ocrx_word' id='word_1_334' title='bbox 1573 3138 1678 3192; x_wconf 87' lang='lat' dir='ltr'>wie</span> <span class='ocrx_word' id='word_1_335' title='bbox 1711 3144 1795 3209; x_wconf 91' lang='lat'>14,</span> <span class='ocrx_word' id='word_1_336' title='bbox 1824 3145 1919 3208; x_wconf 87' lang='grc'>51;</span> <span class='ocrx_word' id='word_1_337' title='bbox 1961 3145 2045 3209; x_wconf 90' lang='grc'>15,</span> <span class='ocrx_word' id='word_1_338' title='bbox 2075 3145 2171 3208; x_wconf 78' lang='grc' dir='ltr'>6ος</span> <span class='ocrx_word' id='word_1_339' title='bbox 2208 3137 2353 3194; x_wconf 89' lang='lat' dir='ltr'>Plin.</span> <span class='ocrx_word' id='word_1_340' title='bbox 2393 3155 2479 3207; x_wconf 87' lang='lat' dir='ltr'>ep.</span> <span class='ocrx_word' id='word_1_341' title='bbox 2512 3143 2559 3207; x_wconf 89' lang='grc'>7,</span> <span class='ocrx_word' id='word_1_342' title='bbox 2592 3144 2644 3206; x_wconf 88' lang='grc'>6,</span> 
     </span>
     <span class='ocr_line' id='line_1_37' title="bbox 367 3250 2634 3351; baseline 0 -18"><span class='ocrx_word' id='word_1_343' title='bbox 367 3252 381 3279; x_wconf 67' lang='lat'>’</span> <span class='ocrx_word' id='word_1_344' title='bbox 463 3250 562 3334; x_wconf 74' lang='lat'>4⁹3.</span> <span class='ocrx_word' id='word_1_345' title='bbox 603 3285 649 3333; x_wconf 91' lang='lat'>1.</span> <span class='ocrx_word' id='word_1_346' title='bbox 688 3279 830 3334; x_wconf 89' lang='lat' dir='ltr'>diris</span> <span class='ocrx_word' id='word_1_347' title='bbox 865 3279 1073 3347; x_wconf 88' lang='lat' dir='ltr'>avibus,</span> <span class='ocrx_word' id='word_1_348' title='bbox 1111 3277 1361 3332; x_wconf 70' lang='lat' dir='ltr'>namlich</span> <span class='ocrx_word' id='word_1_349' title='bbox 1396 3278 1745 3349; x_wconf 69' lang='lat' dir='ltr'>RaubvogeL</span> <span class='ocrx_word' id='word_1_350' title='bbox 1784 3281 1890 3335; x_wconf 86' lang='lat' dir='ltr'>wie</span> <span class='ocrx_word' id='word_1_351' title='bbox 1927 3281 2144 3349; x_wconf 84' lang='lat' dir='ltr'>Raben,</span> <span class='ocrx_word' id='word_1_352' title='bbox 2184 3280 2368 3348; x_wconf 80' lang='lat' dir='ltr'>Geier,</span> <span class='ocrx_word' id='word_1_353' title='bbox 2406 3278 2634 3351; x_wconf 78' lang='lat' dir='ltr'>Eulen.1</span> 
     </span>
     <span class='ocr_line' id='line_1_38' title="bbox 285 3348 2644 3422; baseline -0.001 -18"><span class='ocrx_word' id='word_1_354' title='bbox 285 3356 335 3404; x_wconf 85' lang='lat'>3.</span> <span class='ocrx_word' id='word_1_355' title='bbox 372 3350 548 3404; x_wconf 68' lang='lat' dir='ltr'>Hatte</span> <span class='ocrx_word' id='word_1_356' title='bbox 582 3348 743 3404; x_wconf 89' lang='lat' dir='ltr'>nicht</span> <span class='ocrx_word' id='word_1_357' title='bbox 778 3350 909 3404; x_wconf 86' lang='lat' dir='ltr'>Tac.</span> <span class='ocrx_word' id='word_1_358' title='bbox 948 3350 1078 3418; x_wconf 83' lang='lat' dir='ltr'>Agr.</span> <span class='ocrx_word' id='word_1_359' title='bbox 1112 3355 1179 3403; x_wconf 79' lang='grc'>26</span> <span class='ocrx_word' id='word_1_360' title='bbox 1218 3350 1453 3404; x_wconf 79' lang='lat' dir='ltr'>maxime</span> <span class='ocrx_word' id='word_1_361' title='bbox 1489 3350 1801 3405; x_wconf 80' lang='lat' dir='ltr'>invalidam</span> <span class='ocrx_word' id='word_1_362' title='bbox 1834 3354 2078 3422; x_wconf 84' lang='lat' dir='ltr'>gesetzt,</span> <span class='ocrx_word' id='word_1_363' title='bbox 2138 3370 2236 3404; x_wconf 88' lang='lat' dir='ltr'>um</span> <span class='ocrx_word' id='word_1_364' title='bbox 2290 3352 2400 3404; x_wconf 90' lang='lat' dir='ltr'>den</span> <span class='ocrx_word' id='word_1_365' title='bbox 2439 3349 2644 3419; x_wconf 87' lang='lat' dir='ltr'>Super-</span> 
     </span>
     <span class='ocr_line' id='line_1_39' title="bbox 282 3419 2641 3487; baseline 0 -13"><span class='ocrx_word' id='word_1_366' title='bbox 282 3420 428 3475; x_wconf 84' lang='lat' dir='ltr'>lativ</span> <span class='ocrx_word' id='word_1_367' title='bbox 480 3419 915 3475; x_wconf 83' lang='lat' dir='ltr'>invalidissimus</span> <span class='ocrx_word' id='word_1_368' title='bbox 970 3438 1037 3473; x_wconf 89' lang='lat' dir='ltr'>zu</span> <span class='ocrx_word' id='word_1_369' title='bbox 1083 3419 1430 3487; x_wconf 87' lang='lat' dir='ltr'>vermeiden,</span> <span class='ocrx_word' id='word_1_370' title='bbox 1478 3423 1596 3475; x_wconf 89' lang='lat' dir='ltr'>und</span> <span class='ocrx_word' id='word_1_371' title='bbox 1643 3421 1844 3476; x_wconf 68' lang='lat' dir='ltr'>stande</span> <span class='ocrx_word' id='word_1_372' title='bbox 1888 3423 2050 3477; x_wconf 88' lang='lat' dir='ltr'>nicht</span> <span class='ocrx_word' id='word_1_373' title='bbox 2095 3422 2190 3476; x_wconf 91' lang='lat' dir='ltr'>bei</span> <span class='ocrx_word' id='word_1_374' title='bbox 2227 3422 2379 3476; x_wconf 83' lang='lat' dir='ltr'>Suet.</span> <span class='ocrx_word' id='word_1_375' title='bbox 2420 3420 2569 3475; x_wconf 87' lang='lat' dir='ltr'>Otho</span> <span class='ocrx_word' id='word_1_376' title='bbox 2608 3426 2641 3474; x_wconf 83' lang='lat'>2</span> 
     </span>
     <span class='ocr_line' id='line_1_40' title="bbox 282 3492 2644 3561; baseline 0 -15"><span class='ocrx_word' id='word_1_377' title='bbox 282 3493 595 3547; x_wconf 82' lang='lat' dir='ltr'>invalidum</span> <span class='ocrx_word' id='word_1_378' title='bbox 629 3508 885 3561; x_wconf 81' lang='lat' dir='ltr'>quemque</span> <span class='ocrx_word' id='word_1_379' title='bbox 919 3492 1223 3558; x_wconf 81' lang='lat' dir='ltr'>obviorum,</span> <span class='ocrx_word' id='word_1_380' title='bbox 1281 3508 1343 3545; x_wconf 90' lang='lat' dir='ltr'>so</span> <span class='ocrx_word' id='word_1_381' title='bbox 1397 3493 1590 3546; x_wconf 72' lang='lat' dir='ltr'>wurde</span> <span class='ocrx_word' id='word_1_382' title='bbox 1644 3510 1777 3547; x_wconf 85' lang='lat' dir='ltr'>man</span> <span class='ocrx_word' id='word_1_383' title='bbox 1829 3494 1979 3549; x_wconf 85' lang='lat' dir='ltr'>nach</span> <span class='ocrx_word' id='word_1_384' title='bbox 2033 3511 2162 3547; x_wconf 86' lang='lat' dir='ltr'>ann.</span> <span class='ocrx_word' id='word_1_385' title='bbox 2194 3498 2278 3561; x_wconf 82' lang='lat'>13,</span> <span class='ocrx_word' id='word_1_386' title='bbox 2313 3498 2378 3546; x_wconf 91' lang='lat'>18</span> <span class='ocrx_word' id='word_1_387' title='bbox 2414 3493 2644 3547; x_wconf 83' lang='lat' dir='ltr'>validis-</span> 
     </span>
     <span class='ocr_line' id='line_1_41' title="bbox 281 3561 2635 3635; baseline -0.001 -17"><span class='ocrx_word' id='word_1_388' title='bbox 281 3564 483 3619; x_wconf 86' lang='lat' dir='ltr'>simum</span> <span class='ocrx_word' id='word_1_389' title='bbox 528 3579 784 3632; x_wconf 76' lang='lat' dir='ltr'>quemque</span> <span class='ocrx_word' id='word_1_390' title='bbox 828 3562 936 3616; x_wconf 87' lang='lat' dir='ltr'>mit</span> <span class='ocrx_word' id='word_1_391' title='bbox 977 3561 1230 3616; x_wconf 69' lang='lat' dir='ltr'>Wolfflin</span> <span class='ocrx_word' id='word_1_392' title='bbox 1278 3563 1717 3618; x_wconf 80' lang='lat' dir='ltr'>invalidissimus</span> <span class='ocrx_word' id='word_1_393' title='bbox 1772 3567 2046 3618; x_wconf 84' lang='lat' dir='ltr'>erwarten</span> <span class='ocrx_word' id='word_1_394' title='bbox 2099 3562 2217 3616; x_wconf 88' lang='lat' dir='ltr'>und</span> <span class='ocrx_word' id='word_1_395' title='bbox 2273 3561 2583 3616; x_wconf 89' lang='lat' dir='ltr'>schreiben.</span> <span class='ocrx_word' id='word_1_396' title='bbox 2628 3563 2635 3635; x_wconf 98' lang='grc' dir='ltr'>Ι</span> 
     </span>
     <span class='ocr_line' id='line_1_42' title="bbox 283 3632 2642 3704; baseline 0 -15"><span class='ocrx_word' id='word_1_397' title='bbox 283 3634 474 3689; x_wconf 84' lang='lat' dir='ltr'>obtriti</span> <span class='ocrx_word' id='word_1_398' title='bbox 517 3633 665 3687; x_wconf 87' lang='lat' dir='ltr'>nach</span> <span class='ocrx_word' id='word_1_399' title='bbox 709 3635 958 3703; x_wconf 88' lang='lat' dir='ltr'>quisque,</span> <span class='ocrx_word' id='word_1_400' title='bbox 1012 3632 1119 3687; x_wconf 86' lang='lat' dir='ltr'>wie</span> <span class='ocrx_word' id='word_1_401' title='bbox 1160 3640 1208 3699; x_wconf 92' lang='lat'>1,</span> <span class='ocrx_word' id='word_1_402' title='bbox 1237 3638 1308 3687; x_wconf 90' lang='lat'>44</span> <span class='ocrx_word' id='word_1_403' title='bbox 1344 3635 1815 3689; x_wconf 74' lang='lat' dir='ltr'>seditiosissimum</span> <span class='ocrx_word' id='word_1_404' title='bbox 1862 3651 2117 3704; x_wconf 83' lang='lat' dir='ltr'>quemque</span> <span class='ocrx_word' id='word_1_405' title='bbox 2152 3634 2359 3688; x_wconf 84' lang='lat' dir='ltr'>vinctos</span> <span class='ocrx_word' id='word_1_406' title='bbox 2393 3634 2642 3701; x_wconf 73' lang='lat' dir='ltr'>trahunt,</span> 
     </span>
     <span class='ocr_line' id='line_1_43' title="bbox 282 3703 2643 3774; baseline 0 -16"><span class='ocrx_word' id='word_1_407' title='bbox 282 3703 417 3759; x_wconf 85' lang='lat' dir='ltr'>hist.</span> <span class='ocrx_word' id='word_1_408' title='bbox 449 3711 499 3772; x_wconf 83' lang='lat'>2,</span> <span class='ocrx_word' id='word_1_409' title='bbox 528 3710 623 3772; x_wconf 83' lang='lat'>843</span> <span class='ocrx_word' id='word_1_410' title='bbox 663 3710 714 3774; x_wconf 85' lang='lat'>3,</span> <span class='ocrx_word' id='word_1_411' title='bbox 741 3710 827 3760; x_wconf 86' lang='lat'>49.</span> <span class='ocrx_word' id='word_1_412' title='bbox 867 3709 952 3759; x_wconf 91' lang='grc'>50.</span> <span class='ocrx_word' id='word_1_413' title='bbox 1026 3704 1142 3758; x_wconf 90' lang='lat' dir='ltr'>Das</span> <span class='ocrx_word' id='word_1_414' title='bbox 1180 3704 1429 3759; x_wconf 88' lang='lat' dir='ltr'>Verbum</span> <span class='ocrx_word' id='word_1_415' title='bbox 1484 3704 1766 3759; x_wconf 88' lang='lat' dir='ltr'>erscheint</span> <span class='ocrx_word' id='word_1_416' title='bbox 1818 3705 1881 3758; x_wconf 89' lang='lat' dir='ltr'>in</span> <span class='ocrx_word' id='word_1_417' title='bbox 1928 3705 2121 3759; x_wconf 89' lang='lat' dir='ltr'>diesen</span> <span class='ocrx_word' id='word_1_418' title='bbox 2156 3704 2290 3758; x_wconf 77' lang='lat' dir='ltr'>ffinf</span> <span class='ocrx_word' id='word_1_419' title='bbox 2319 3703 2643 3774; x_wconf 88' lang='lat' dir='ltr'>Beispielen</span> 
     </span>
     <span class='ocr_line' id='line_1_44' title="bbox 283 3774 2644 3847; baseline 0 -17"><span class='ocrx_word' id='word_1_420' title='bbox 283 3775 346 3830; x_wconf 87' lang='lat' dir='ltr'>in</span> <span class='ocrx_word' id='word_1_421' title='bbox 382 3775 483 3830; x_wconf 88' lang='lat' dir='ltr'>der</span> <span class='ocrx_word' id='word_1_422' title='bbox 519 3776 686 3829; x_wconf 84' lang='lat' dir='ltr'>Form</span> <span class='ocrx_word' id='word_1_423' title='bbox 722 3775 820 3829; x_wconf 89' lang='lat' dir='ltr'>des</span> <span class='ocrx_word' id='word_1_424' title='bbox 857 3775 1011 3832; x_wconf 86' lang='lat' dir='ltr'>Part.</span> <span class='ocrx_word' id='word_1_425' title='bbox 1048 3774 1194 3829; x_wconf 85' lang='lat' dir='ltr'>Perf.</span> <span class='ocrx_word' id='word_1_426' title='bbox 1270 3774 1323 3830; x_wconf 86' lang='lat' dir='ltr'>S.</span> <span class='ocrx_word' id='word_1_427' title='bbox 1363 3774 1510 3830; x_wconf 85' lang='lat' dir='ltr'>Einl.</span> <span class='ocrx_word' id='word_1_428' title='bbox 1550 3782 1581 3841; x_wconf 66' lang='grc' dir='ltr'>ξ</span> <span class='ocrx_word' id='word_1_429' title='bbox 1611 3781 1693 3830; x_wconf 93' lang='grc'>17.</span> <span class='ocrx_word' id='word_1_430' title='bbox 1763 3778 1772 3846; x_wconf 96' lang='grc' dir='ltr'>Ι</span> <span class='ocrx_word' id='word_1_431' title='bbox 1839 3783 1889 3831; x_wconf 91' lang='grc'>4.</span> <span class='ocrx_word' id='word_1_432' title='bbox 1929 3794 1996 3831; x_wconf 75' lang='lat' dir='ltr'>ex</span> <span class='ocrx_word' id='word_1_433' title='bbox 2041 3791 2125 3845; x_wconf 88' lang='lat' dir='ltr'>eo,</span> <span class='ocrx_word' id='word_1_434' title='bbox 2164 3775 2391 3830; x_wconf 84' lang='lat' dir='ltr'>obwohl</span> <span class='ocrx_word' id='word_1_435' title='bbox 2436 3783 2644 3847; x_wconf 75' lang='lat' dir='ltr'>eyestas</span> 
     </span>
     <span class='ocr_line' id='line_1_45' title="bbox 283 3846 2640 3917; baseline -0.001 -14"><span class='ocrx_word' id='word_1_436' title='bbox 283 3847 641 3916; x_wconf 84' lang='lat' dir='ltr'>vorhergeht,</span> <span class='ocrx_word' id='word_1_437' title='bbox 670 3846 780 3916; x_wconf 84' lang='lat' dir='ltr'>vgl.</span> <span class='ocrx_word' id='word_1_438' title='bbox 813 3852 897 3914; x_wconf 85' lang='lat'>15,</span> <span class='ocrx_word' id='word_1_439' title='bbox 929 3853 957 3900; x_wconf 94' lang='lat'>1</span> <span class='ocrx_word' id='word_1_440' title='bbox 1000 3847 1318 3914; x_wconf 84' lang='lat' dir='ltr'>(defectione</span> <span class='ocrx_word' id='word_1_441' title='bbox 1344 3846 1765 3917; x_wconf 77' lang='lat' dir='ltr'>Hyrcanorum)</span> <span class='ocrx_word' id='word_1_442' title='bbox 1803 3849 2091 3917; x_wconf 87' lang='lat' dir='ltr'>multisque</span> <span class='ocrx_word' id='word_1_443' title='bbox 2127 3864 2193 3901; x_wconf 79' lang='lat' dir='ltr'>ex</span> <span class='ocrx_word' id='word_1_444' title='bbox 2230 3863 2289 3901; x_wconf 93' lang='lat' dir='ltr'>eo</span> <span class='ocrx_word' id='word_1_445' title='bbox 2328 3848 2496 3913; x_wconf 80' lang='lat' dir='ltr'>bellis,</span> <span class='ocrx_word' id='word_1_446' title='bbox 2528 3846 2640 3901; x_wconf 88' lang='lat' dir='ltr'>Cic.</span> 
     </span>
     <span class='ocr_line' id='line_1_46' title="bbox 284 3918 2642 3988; baseline -0 -16"><span class='ocrx_word' id='word_1_447' title='bbox 284 3918 360 3972; x_wconf 90' lang='lat' dir='ltr'>ad</span> <span class='ocrx_word' id='word_1_448' title='bbox 387 3918 521 3972; x_wconf 89' lang='lat' dir='ltr'>fam.</span> <span class='ocrx_word' id='word_1_449' title='bbox 553 3923 602 3988; x_wconf 85' lang='lat'>9,</span> <span class='ocrx_word' id='word_1_450' title='bbox 635 3923 683 3987; x_wconf 94' lang='lat'>1,</span> <span class='ocrx_word' id='word_1_451' title='bbox 713 3923 746 3971; x_wconf 83' lang='lat'>2</span> <span class='ocrx_word' id='word_1_452' title='bbox 782 3924 1036 3973; x_wconf 89' lang='lat' dir='ltr'>revocant</span> <span class='ocrx_word' id='word_1_453' title='bbox 1069 3918 1133 3971; x_wconf 91' lang='lat' dir='ltr'>in</span> <span class='ocrx_word' id='word_1_454' title='bbox 1169 3919 1612 3973; x_wconf 82' lang='lat' dir='ltr'>consuetudinem</span> <span class='ocrx_word' id='word_1_455' title='bbox 1639 3919 1941 3986; x_wconf 82' lang='lat' dir='ltr'>pristinam</span> <span class='ocrx_word' id='word_1_456' title='bbox 1967 3925 2120 3987; x_wconf 91' lang='lat' dir='ltr'>teque</span> <span class='ocrx_word' id='word_1_457' title='bbox 2155 3919 2301 3988; x_wconf 88' lang='lat' dir='ltr'>quod</span> <span class='ocrx_word' id='word_1_458' title='bbox 2336 3920 2400 3971; x_wconf 92' lang='lat' dir='ltr'>in</span> <span class='ocrx_word' id='word_1_459' title='bbox 2435 3935 2495 3972; x_wconf 89' lang='lat' dir='ltr'>eo</span> <span class='ocrx_word' id='word_1_460' title='bbox 2516 3934 2642 3986; x_wconf 89' lang='lat' dir='ltr'>per·</span> 
     </span>
     <span class='ocr_line' id='line_1_47' title="bbox 283 3989 2644 4058; baseline -0.001 -15"><span class='ocrx_word' id='word_1_461' title='bbox 283 3990 577 4057; x_wconf 88' lang='lat' dir='ltr'>manseris,</span> <span class='ocrx_word' id='word_1_462' title='bbox 623 3990 1008 4058; x_wconf 86' lang='lat' dir='ltr'>sapientiorem</span> <span class='ocrx_word' id='word_1_463' title='bbox 1053 4006 1219 4058; x_wconf 88' lang='lat' dir='ltr'>quam</span> <span class='ocrx_word' id='word_1_464' title='bbox 1263 4005 1346 4041; x_wconf 89' lang='lat' dir='ltr'>me</span> <span class='ocrx_word' id='word_1_465' title='bbox 1391 3990 1586 4043; x_wconf 85' lang='lat' dir='ltr'>dicwnt</span> <span class='ocrx_word' id='word_1_466' title='bbox 1627 3989 1824 4056; x_wconf 79' lang='lat' dir='ltr'>fuisse,</span> <span class='ocrx_word' id='word_1_467' title='bbox 1862 3989 1933 4043; x_wconf 89' lang='lat' dir='ltr'>de</span> <span class='ocrx_word' id='word_1_468' title='bbox 1970 3990 2062 4043; x_wconf 91' lang='lat' dir='ltr'>fin.</span> <span class='ocrx_word' id='word_1_469' title='bbox 2094 3996 2145 4056; x_wconf 91' lang='grc'>5,</span> <span class='ocrx_word' id='word_1_470' title='bbox 2177 3994 2260 4056; x_wconf 85' lang='grc'>13,</span> <span class='ocrx_word' id='word_1_471' title='bbox 2290 3994 2357 4042; x_wconf 84' lang='grc'>37</span> <span class='ocrx_word' id='word_1_472' title='bbox 2396 4005 2463 4043; x_wconf 90' lang='lat' dir='ltr'>ea</span> <span class='ocrx_word' id='word_1_473' title='bbox 2498 3989 2644 4043; x_wconf 92' lang='lat' dir='ltr'>enim</span> 
     </span>
     <span class='ocr_line' id='line_1_48' title="bbox 283 4060 2645 4129; baseline -0.002 -12"><span class='ocrx_word' id='word_1_474' title='bbox 283 4061 403 4118; x_wconf 80' lang='lat' dir='ltr'>vita</span> <span class='ocrx_word' id='word_1_475' title='bbox 456 4060 752 4128; x_wconf 77' lang='lat' dir='ltr'>expetitur,</span> <span class='ocrx_word' id='word_1_476' title='bbox 805 4076 945 4129; x_wconf 88' lang='lat' dir='ltr'>quae</span> <span class='ocrx_word' id='word_1_477' title='bbox 996 4061 1070 4115; x_wconf 89' lang='lat' dir='ltr'>sit</span> <span class='ocrx_word' id='word_1_478' title='bbox 1123 4060 1302 4113; x_wconf 86' lang='lat' dir='ltr'>animi</span> <span class='ocrx_word' id='word_1_479' title='bbox 1355 4061 1698 4129; x_wconf 85' lang='lat' dir='ltr'>corporisque</span> <span class='ocrx_word' id='word_1_480' title='bbox 1752 4061 1966 4129; x_wconf 79' lang='lat' dir='ltr'>expleta</span> <span class='ocrx_word' id='word_1_481' title='bbox 2019 4061 2315 4115; x_wconf 85' lang='lat' dir='ltr'>virtutibus</span> <span class='ocrx_word' id='word_1_482' title='bbox 2368 4060 2432 4113; x_wconf 88' lang='lat' dir='ltr'>in</span> <span class='ocrx_word' id='word_1_483' title='bbox 2482 4075 2645 4128; x_wconf 87' lang='lat' dir='ltr'>eoque</span> 
     </span>
     <span class='ocr_line' id='line_1_49' title="bbox 284 4130 2640 4200; baseline -0.001 -15"><span class='ocrx_word' id='word_1_484' title='bbox 284 4146 558 4186; x_wconf 83' lang='lat' dir='ltr'>summwm</span> <span class='ocrx_word' id='word_1_485' title='bbox 594 4132 794 4185; x_wconf 87' lang='lat' dir='ltr'>bonum</span> <span class='ocrx_word' id='word_1_486' title='bbox 825 4132 964 4199; x_wconf 87' lang='lat' dir='ltr'>poni</span> <span class='ocrx_word' id='word_1_487' title='bbox 996 4147 1203 4185; x_wconf 88' lang='lat' dir='ltr'>necesse</span> <span class='ocrx_word' id='word_1_488' title='bbox 1240 4136 1317 4184; x_wconf 88' lang='lat' dir='ltr'>est</span> <span class='ocrx_word' id='word_1_489' title='bbox 1351 4131 1470 4183; x_wconf 90' lang='lat' dir='ltr'>und</span> <span class='ocrx_word' id='word_1_490' title='bbox 1507 4147 1551 4185; x_wconf 91' lang='lat' dir='ltr'>s.</span> <span class='ocrx_word' id='word_1_491' title='bbox 1590 4148 1659 4183; x_wconf 90' lang='lat' dir='ltr'>zu</span> <span class='ocrx_word' id='word_1_492' title='bbox 1698 4146 1824 4185; x_wconf 85' lang='lat' dir='ltr'>ann.</span> <span class='ocrx_word' id='word_1_493' title='bbox 1857 4137 1907 4199; x_wconf 94' lang='grc'>6,</span> <span class='ocrx_word' id='word_1_494' title='bbox 1937 4136 1987 4199; x_wconf 89' lang='grc'>8,</span> <span class='ocrx_word' id='word_1_495' title='bbox 2017 4137 2067 4185; x_wconf 82' lang='lat'>2.</span> <span class='ocrx_word' id='word_1_496' title='bbox 2136 4132 2145 4199; x_wconf 98' lang='grc' dir='ltr'>Ι</span> <span class='ocrx_word' id='word_1_497' title='bbox 2211 4132 2277 4184; x_wconf 86' lang='lat' dir='ltr'>in</span> <span class='ocrx_word' id='word_1_498' title='bbox 2304 4130 2640 4200; x_wconf 75' lang='lat' dir='ltr'>prodiyium.</span> 
     </span>
     <span class='ocr_line' id='line_1_50' title="bbox 281 4200 2641 4272; baseline -0.001 -18"><span class='ocrx_word' id='word_1_499' title='bbox 281 4200 414 4271; x_wconf 86' lang='lat' dir='ltr'>Vgl.</span> <span class='ocrx_word' id='word_1_500' title='bbox 447 4206 495 4269; x_wconf 94' lang='lat'>1,</span> <span class='ocrx_word' id='word_1_501' title='bbox 518 4206 585 4254; x_wconf 85' lang='lat'>14</span> <span class='ocrx_word' id='word_1_502' title='bbox 622 4201 878 4256; x_wconf 85' lang='lat' dir='ltr'>muliebre</span> <span class='ocrx_word' id='word_1_503' title='bbox 912 4202 1201 4272; x_wconf 73' lang='lat' dir='ltr'>fastiyium</span> <span class='ocrx_word' id='word_1_504' title='bbox 1237 4202 1301 4254; x_wconf 90' lang='lat' dir='ltr'>in</span> <span class='ocrx_word' id='word_1_505' title='bbox 1337 4201 1761 4255; x_wconf 86' lang='lat' dir='ltr'>deminutionem</span> <span class='ocrx_word' id='word_1_506' title='bbox 1794 4203 1886 4256; x_wconf 91' lang='lat' dir='ltr'>sui</span> <span class='ocrx_word' id='word_1_507' title='bbox 1913 4202 2200 4270; x_wconf 87' lang='lat' dir='ltr'>accipiens.</span> <span class='ocrx_word' id='word_1_508' title='bbox 2241 4206 2290 4267; x_wconf 90' lang='grc'>6,</span> <span class='ocrx_word' id='word_1_509' title='bbox 2314 4206 2408 4268; x_wconf 86' lang='grc'>13;</span> <span class='ocrx_word' id='word_1_510' title='bbox 2440 4205 2523 4268; x_wconf 91' lang='grc'>16,</span> <span class='ocrx_word' id='word_1_511' title='bbox 2547 4204 2641 4265; x_wconf 68' lang='grc'>18,</span> 
     </span>
     <span class='ocr_line' id='line_1_51' title="bbox 285 4269 2643 4340; baseline -0.001 -15"><span class='ocrx_word' id='word_1_512' title='bbox 285 4272 403 4328; x_wconf 85' lang='lat' dir='ltr'>Liv.</span> <span class='ocrx_word' id='word_1_513' title='bbox 435 4278 521 4340; x_wconf 82' lang='lat'>21,</span> <span class='ocrx_word' id='word_1_514' title='bbox 553 4277 637 4340; x_wconf 89' lang='grc'>63,</span> <span class='ocrx_word' id='word_1_515' title='bbox 669 4277 752 4325; x_wconf 92' lang='lat'>14.</span> <span class='ocrx_word' id='word_1_516' title='bbox 787 4277 794 4338; x_wconf 96' lang='grc' dir='ltr'>Ι</span> <span class='ocrx_word' id='word_1_517' title='bbox 828 4277 876 4326; x_wconf 88' lang='lat'>5.</span> <span class='ocrx_word' id='word_1_518' title='bbox 915 4273 1047 4327; x_wconf 88' lang='lat' dir='ltr'>iura</span> <span class='ocrx_word' id='word_1_519' title='bbox 1081 4273 1404 4326; x_wconf 88' lang='lat' dir='ltr'>reddentem.</span> <span class='ocrx_word' id='word_1_520' title='bbox 1479 4270 1747 4325; x_wconf 89' lang='lat' dir='ltr'>Claudius</span> <span class='ocrx_word' id='word_1_521' title='bbox 1785 4272 1946 4325; x_wconf 87' lang='lat' dir='ltr'>hatte</span> <span class='ocrx_word' id='word_1_522' title='bbox 1985 4272 2110 4326; x_wconf 91' lang='lat' dir='ltr'>eine</span> <span class='ocrx_word' id='word_1_523' title='bbox 2139 4270 2375 4325; x_wconf 87' lang='lat' dir='ltr'>Passion</span> <span class='ocrx_word' id='word_1_524' title='bbox 2412 4269 2503 4323; x_wconf 65' lang='lat' dir='ltr'>fiir</span> <span class='ocrx_word' id='word_1_525' title='bbox 2540 4269 2643 4323; x_wconf 88' lang='lat' dir='ltr'>das</span> 
     </span>
     <span class='ocr_line' id='line_1_52' title="bbox 286 4340 2643 4412; baseline -0.001 -16"><span class='ocrx_word' id='word_1_526' title='bbox 286 4342 657 4411; x_wconf 86' lang='lat' dir='ltr'>Richteramt,</span> <span class='ocrx_word' id='word_1_527' title='bbox 685 4342 870 4396; x_wconf 81' lang='lat' dir='ltr'>wobei</span> <span class='ocrx_word' id='word_1_528' title='bbox 908 4358 966 4396; x_wconf 91' lang='lat' dir='ltr'>es</span> <span class='ocrx_word' id='word_1_529' title='bbox 1003 4342 1124 4395; x_wconf 88' lang='lat' dir='ltr'>ihm</span> <span class='ocrx_word' id='word_1_530' title='bbox 1160 4343 1298 4396; x_wconf 89' lang='lat' dir='ltr'>aber</span> <span class='ocrx_word' id='word_1_531' title='bbox 1331 4341 1624 4412; x_wconf 85' lang='lat' dir='ltr'>passierte,</span> <span class='ocrx_word' id='word_1_532' title='bbox 1655 4341 1779 4396; x_wconf 79' lang='lat' dir='ltr'>dass</span> <span class='ocrx_word' id='word_1_533' title='bbox 1809 4359 1870 4396; x_wconf 88' lang='lat' dir='ltr'>er</span> <span class='ocrx_word' id='word_1_534' title='bbox 1898 4343 1998 4396; x_wconf 84' lang='lat' dir='ltr'>das</span> <span class='ocrx_word' id='word_1_535' title='bbox 2028 4340 2210 4396; x_wconf 90' lang='lat' dir='ltr'>Urteil</span> <span class='ocrx_word' id='word_1_536' title='bbox 2248 4340 2465 4410; x_wconf 88' lang='lat' dir='ltr'>sprach,</span> <span class='ocrx_word' id='word_1_537' title='bbox 2496 4340 2643 4394; x_wconf 88' lang='lat' dir='ltr'>ohne</span> 
     </span>
     <span class='ocr_line' id='line_1_53' title="bbox 288 4411 2643 4483; baseline -0.001 -18"><span class='ocrx_word' id='word_1_538' title='bbox 288 4412 382 4467; x_wconf 90' lang='lat' dir='ltr'>die</span> <span class='ocrx_word' id='word_1_539' title='bbox 420 4412 855 4483; x_wconf 84' lang='lat' dir='ltr'>Verteidigung‚</span> <span class='ocrx_word' id='word_1_540' title='bbox 901 4413 969 4482; x_wconf 86' lang='lat' dir='ltr'>ja</span> <span class='ocrx_word' id='word_1_541' title='bbox 1015 4430 1183 4482; x_wconf 83' lang='lat' dir='ltr'>sogar</span> <span class='ocrx_word' id='word_1_542' title='bbox 1227 4414 1373 4467; x_wconf 87' lang='lat' dir='ltr'>ohne</span> <span class='ocrx_word' id='word_1_543' title='bbox 1409 4412 1670 4482; x_wconf 85' lang='lat' dir='ltr'>Anklage</span> <span class='ocrx_word' id='word_1_544' title='bbox 1715 4412 1833 4466; x_wconf 90' lang='lat' dir='ltr'>und</span> <span class='ocrx_word' id='word_1_545' title='bbox 1869 4411 2283 4481; x_wconf 84' lang='lat' dir='ltr'>Verteidigung</span> <span class='ocrx_word' id='word_1_546' title='bbox 2326 4411 2528 4479; x_wconf 71' lang='lat' dir='ltr'>gehbrt</span> <span class='ocrx_word' id='word_1_547' title='bbox 2574 4427 2643 4463; x_wconf 91' lang='lat' dir='ltr'>zu</span> 
     </span>
    </p>
   </div>
  </div>
 </body>
</html>
