3075 4800
1049 265 1266 318 LIBER
1300 265 1443 319 XIV.
1510 264 1663 319 CAP.
1694 269 1920 319 68—61.
2570 266 2657 330 47

303 430 598 491 senatum
643 426 895 491 litteras
951 427 1132 490 misit
1176 426 1254 489 de
1299 427 1488 490 caede
1535 424 1753 490 Sullae
1798 425 2143 509 Plautique
2196 426 2369 490 haud
2415 428 2659 492 confes-

301 537 439 599 sus,
495 536 717 579 verum
766 514 1102 598 utriusque
1149 514 1480 577 turbidum
1526 514 1859 599 ingenium
1907 533 2072 597 esse,
2127 518 2193 577 et
2248 514 2373 578 sibi
2419 514 2661 578 incolu-

299 605 594 668 mitatem
639 602 734 666 rei
778 602 1074 686 publicae
1131 624 1365 686 magna
1411 623 1563 665 cura
1607 602 1851 665 haberi.
1943 601 2231 666 decretae
2279 623 2353 666 eo
2399 602 2659 667 nomine

302 689 827 776 supplicationes,
870 693 1073 774 utque
1113 689 1295 754 Sulla
1340 693 1406 754 et
1448 689 1722 755 Plautus
1770 693 1998 754 senatu
2043 693 2472 776 moverentur,
2519 712 2664 778 gra·
2749 715 2755 720 ·

301 780 593 844 vioribus
641 783 860 843 tamen
905 778 1203 842 ludibriis
1251 800 1443 862 quam
1490 778 1695 842 malis.
2687 805 2739 845 20

476 867 690 953 Igitur
725 870 988 951 accepto
1025 867 1284 952 patrum
1321 866 1636 952 consultO,
1682 870 2027 951 postquam
2075 871 2306 931 cuncta
2348 867 2657 932 scelerum
2678 868 2765 932 60

306 977 570 1021 suorum
614 978 736 1041 pro
783 956 1059 1042 egregiis
1106 956 1309 1039 accipi
1354 955 1556 1039 videt,
1614 954 1914 1019 exturbat
1960 953 2320 1040 Octaviam,
2376 956 2658 1021 sterilem

300 1044 632 1129 dictitans3
689 1045 838 1109 exin
879 1044 1217 1127 Poppaeae
1273 1043 1704 1130 coniungitur.
1797 1064 1871 1107 ea
1928 1044 2039 1107 diu
2083 1044 2310 1127 paelex
2366 1049 2430 1109 et
2484 1045 2658 1109 adul-
2708 1071 2717 1080 ·

300 1132 424 1198 teri
460 1132 758 1216 NeroniS,
795 1155 948 1197 mox
983 1132 1202 1196 mariti
1236 1136 1487 1216 potens,
1534 1132 1852 1217 quendam
1890 1154 1968 1196 ex
2004 1133 2319 1197 ministris
2359 1131 2660 1198 Octaviae

302 1222 566 1305 impulit
605 1222 901 1286 servilem
949 1221 1007 1285 ei
1043 1241 1328 1284 amorem
1365 1220 1635 1285 obicere.
1720 1221 2203 1304 destinaturque
2241 1242 2389 1285 reus
2426 1242 2659 1306 cogno·
2713 1248 2738 1290 5

299 1314 522 1373 mento
586 1310 940 1393 EucaeruS,
1002 1309 1265 1373 natione
1317 1307 1821 1395 Alexandrinus,
1886 1331 2111 1374 canere
2174 1310 2355 1374 tibiis
2415 1310 2657 1376 doctus.

302 1403 483 1463 actae
541 1399 624 1462 ob
671 1400 738 1462 id
792 1399 869 1462 de
916 1397 1166 1462 ancillis
1214 1399 1649 1484 quaestiones,
1705 1403 1770 1463 et
1823 1398 1890 1463 vi
1944 1402 2415 1464 tormentorum
2469 1399 2658 1464 victis

302 1487 719 1571 quibusdam,
783 1491 857 1550 ut
909 1486 1074 1550 falsa
1127 1487 1504 1571 adnuerent,
1569 1486 1785 1570 plures
1847 1488 2187 1571 perstitere
2251 1489 2658 1552 sanctitatem

303 1575 602 1639 dominae
647 1576 841 1660 tueri3
897 1597 976 1639 ex
1023 1575 1257 1659 quibus
1312 1598 1442 1640 una
1495 1576 1767 1640 instanti
1812 1574 2136 1661 Tigellino
2193 1576 2470 1641 castiora
2519 1598 2659 1641 esse

299 1664 643 1728 muliebria
698 1662 999 1728 Octaviae
1061 1664 1396 1747 respondit
1459 1686 1652 1748 quam
1709 1685 1780 1728 os
1836 1666 1990 1728 eius,
2081 1668 2379 1730 movetur
2440 1670 2658 1729 tamen
2686 1693 2739 1732 10

295 1752 509 1835 primo
567 1751 778 1816 civilis
833 1752 1086 1817 discidii
1141 1754 1351 1836 specie
1408 1752 1797 1838 domumque
1843 1752 2062 1837 Burri,
2116 1754 2378 1836 praedia
2420 1753 2656 1839 Plauti,

298 1841 584 1904 infausta
640 1840 834 1924 dona,
898 1841 1156 1924 accipit:
1221 1863 1375 1905 mox
1429 1842 1496 1904 in
1555 1839 1973 1925 Campaniam
2035 1842 2223 1926 pulsa
2279 1847 2376 1907 est
2440 1842 2658 1906 addita

297 1928 567 1993 militari
615 1928 923 1993 custodia.
1005 1929 1155 1993 inde
1202 1930 1409 1994 crebri
1456 1933 1722 2013 questus
1768 1952 1885 1996 nec
1928 1931 2163 1996 occulti
2210 1952 2325 2015 per
2370 1931 2656 2017 vulg-um,

299 2017 404 2081 cui
449 2017 663 2081 minor
709 2017 1025 2101 sapientia
1079 2023 1137 2083 et
1189 2040 1267 2082 ex
1311 2018 1756 2084 mediocritate
1799 2019 2098 2083 fortunae
2145 2019 2449 2103 pauciora
2491 2021 2658 2103 peri-

299 2104 444 2169 cula
492 2109 658 2170 sunt.
732 2105 835 2170 his
876 2159 888 2170 .
921 2158 932 2170 .
965 2158 978 2170 .
1017 2110 1346 2191 tamquam
1382 2106 1559 2172 Nero
1606 2109 2001 2191 paenitentia
2037 2108 2272 2194 flagitii
2319 2109 2656 2194 coniugem
2684 2135 2737 2176 15

298 2194 618 2259 revocarit
665 2192 1015 2260 Octaviam.

476 2282 652 2347 Exin
696 2283 853 2347 laeti
900 2282 1294 2367 Capitolium
1352 2284 1669 2347 scandunt
1722 2285 2003 2368 deosque
2051 2285 2311 2350 tandem
2357 2308 2657 2350 veneran-
2677 2288 2759 2353 61

299 2375 422 2436 tur.
516 2371 766 2459 effigies
830 2371 1167 2456 Poppaeae
1228 2377 1578 2458 proruunt,
1653 2371 1955 2438 Octaviae
2023 2375 2335 2460 imagines
2399 2378 2658 2460 gestant

218 2475 222 2479 ⁴
299 2461 567 2546 umeris,
633 2465 949 2548 spargunt
1009 2461 1280 2526 floribus
1334 2461 1606 2545 foroque
1672 2483 1745 2528 ac
1803 2462 2063 2546 templis
2126 2466 2435 2528 statuunt.
2526 2464 2659 2529 itur

301 2654 508 2708 talibus
541 2670 643 2722 pro
677 2653 958 2724 sinqulari
992 2668 1175 2708 eorum
1210 2655 1398 2710 merito
1433 2670 1549 2708 meo
1575 2654 1795 2708 ‘nomine
1830 2655 2044 2709 decreta
2069 2661 2162 2722 est,
2199 2653 2506 2725 eigentlich
2538 2655 2665 2709 ‘auf

299 2723 452 2778 mein
488 2724 693 2791 Kont0‚
739 2723 832 2778 fiir
865 2722 1051 2779 meine
1087 2724 1440 2794 Rechnung'.
1501 2727 1508 2793 Ι
1566 2741 1786 2796 yravem
1825 2724 2060 2795 ‘lastig'.
2122 2728 2129 2795 Ι
2192 2731 2275 2781 18.
2311 2727 2502 2781 haberi
2540 2726 2657 2780 ‘be-

299 2794 557 2863 handelt‚
594 2793 1045 2864 berficksichtigt
1070 2795 1339 2850 werden’.
1393 2794 1521 2865 Vgl.
1555 2801 1638 2864 11,
1668 2799 1718 2864 8,
1748 2801 1797 2850 5.
1926 2801 2012 2851 20.
2051 2797 2297 2851 ludibria
2326 2797 2449 2851 ‘der
2473 2796 2657 2867 Hohn,

305 2864 398 2919 die
439 2864 755 2934 Schmach’,
795 2863 919 2918 dass
959 2865 1061 2918 der
1097 2865 1270 2920 Senat
1307 2865 1427 2919 sich
1464 2884 1532 2919 zu
1571 2865 1799 2920 solchen
1884 2866 2207 2921 eschli'issen
2242 2868 2471 2937 hergab.
2542 2867 2658 2923 Das

299 2953 418 2990 war
453 2936 599 2990 nach
626 2935 758 2989 Tac.
791 2934 1099 3004 jedenfalls
1136 2939 1338 3005 (tamen
1366 2954 1408 2993 s.
1438 2955 1507 2990 zu
1538 2943 1622 3006 11,
1656 2943 1704 3005 ’7,
1733 2939 1788 3007 4)
1827 2936 2145 2993 schlimmer
2183 2937 2267 2992 als
2297 2938 2399 2991 das
2426 2937 2654 3009 Unheil,

299 3007 540 3062 welches
579 3006 678 3060 der
713 3004 914 3060 Kaiser
950 3006 1279 3063 anrichtete.
2543 3052 2550 3059 .

487 3076 586 3131 60.
646 3083 693 3133 1.
733 3083 930 3132 cumcta
965 3078 1221 3133 scelerum
1267 3080 1409 3133 statt
1444 3084 1642 3134 cuncta
1677 3080 1874 3134 scelera
1920 3078 2027 3133 wie
2065 3084 2122 3148 3,
2162 3085 2231 3133 35
2267 3086 2464 3135 cuncta
2499 3097 2657 3135 ewra-

301 3165 447 3215 rum,
483 3147 614 3202 hist.
646 3153 696 3217 5,
729 3154 797 3203 10
833 3155 1030 3204 cwncta
1066 3166 1395 3230 camporum,
1430 3149 1539 3202 mit
1574 3149 1933 3220 unlogischer
1959 3150 2312 3220 Aufhebung
2348 3150 2447 3204 der
2483 3151 2659 3220 parti-

301 3218 458 3273 tiven
484 3218 821 3288 Bedeutung
857 3220 957 3273 des
986 3217 1266 3276 Genetivs.
1323 3220 1376 3274 S.
1406 3218 1552 3274 Einl.
1584 3226 1614 3286 ξ
1640 3225 1728 3289 40,
1755 3220 1810 3274 b.
1862 3223 1871 3290 1
1921 3226 1969 3274 2.
2009 3223 2169 3276 videt.
2227 3227 2520 3291 postquam
2549 3221 2661 3276 mit

300 3292 428 3344 dem
460 3289 699 3344 Prasens
736 3307 846 3346 von
872 3292 1053 3346 videre
1089 3291 1235 3344 auch
1265 3298 1311 3356 1,
1340 3296 1426 3359 48,
1463 3289 1595 3345 hist.
1626 3297 1678 3360 4,
1709 3297 1792 3346 57.
1844 3294 1852 3362 Ι
1902 3294 2156 3348 exturbat
2182 3325 2249 3333 —-
2279 3293 2653 3363 coniuuqitur,

300 3359 785 3445 gewissermalssen
831 3361 1048 3415 Thema
1066 3430 1078 3443 .
1094 3361 1194 3443 der
1237 3361 1542 3431 folgenden
1586 3361 1965 3433 Ausffihrung.
2026 3364 2035 3434 1
2096 3368 2144 3418 5.
2182 3364 2429 3461 eimpulit.
2505 3351 2660 3460 Uber

303 3433 726 3558 Ψξὲἒίἓέζῗὲὶῗ
754 3431 1452 3574 ἓξὲαέῗῖἔιὲοιέθίᾟεὲ
1467 3437 1555 3558 23²
1577 3436 1893 3558 ἐξεὴΙΗέἳῗ
1893 3436 2310 3573 &Ji-153?
2329 3433 2653 3585 εῗέῗξὲρῶ

300 3581 417 3629 tum
442 3575 631 3629 vincor
657 3581 721 3628 ut
748 3576 964 3629 credam
990 3576 1166 3629 miser.
1209 3580 1217 3641 Ι
1259 3579 1306 3628 8.
1333 3575 1523 3644 pluo-es
1554 3572 1669 3628 ‘die
1688 3574 1915 3628 Mehrza
1981 3577 2020 3642 ²,
2049 3575 2443 3645 urspn'inglich
2475 3573 2660 3630 ‘mehr

303 3643 387 3698 als
427 3644 533 3713 die,
574 3643 788 3698 welche
824 3644 1203 3715 nachgaben',
1242 3662 1284 3700 s,
1324 3662 1392 3698 zu
1427 3644 1532 3714 ΚΡ.
1574 3650 1659 3714 27,
1692 3651 1738 3698 6.
1801 3648 1810 3716 Ι
1870 3653 1918 3700 9.
1957 3647 2195 3702 castiora
2233 3648 2329 3701 ctt.
2385 3644 2512 3714 Vgl.
2543 3644 2654 3699 Dio

303 3720 389 3783 62,
423 3721 486 3768 13
515 3713 862 3782 προσέπτυσέ
886 3735 946 3770 τε
975 3715 1124 3786 αὐτῷ
1153 3716 1251 3769 καὶ
1279 3710 1422 3770 εἶπε·
1461 3717 1883 3784 καθαρώτερον,
1921 3709 1963 3770 ὦ
1998 3720 2294 3787 Τιγελλῖνε,
2330 3717 2394 3771 τὸ
2426 3716 2654 3771 αἰδοῖον

301 3785 337 3854 ἡ
377 3785 645 3840 δέσποινά
682 3805 791 3856 μου
827 3793 927 3840 τοῦ
967 3794 1066 3840 σοῦ
1105 3785 1373 3856 πόματος
1410 3786 1536 3856 ἔχει.
1594 3787 1603 3857 Ι
1665 3792 1747 3841 10.
1786 3794 2041 3855 movetwr,
2080 3787 2328 3858 Simplex
2363 3804 2463 3857 pro
2504 3805 2655 3842 com-

299 3855 489 3925 posito
514 3854 622 3910 wie
649 3857 754 3926 Kp.
785 3862 854 3910 32
882 3874 1053 3927 neque
1078 3859 1249 3913 motis.
1303 3859 1310 3928 Ι
1362 3863 1445 3911 11.
1484 3857 1600 3910 Das
1628 3857 1943 3927 Vermogen
1973 3859 2072 3912 des
2100 3858 2335 3915 Plautus
2368 3876 2486 3913 war
2510 3859 2658 3913 lton*

300 3926 526 3995 fisziert‚
558 3927 658 3981 das
685 3927 843 3981 Haus
873 3927 971 3982 des
1001 3928 1208 3981 Burrus
1235 3945 1369 3997 mag
1398 3928 1573 3982 durch
1601 3928 1758 3982 Kauf
1779 3945 1909 3983 vom
1935 3928 2136 3984 Kaiser
2162 3930 2449 3984 erworben
2479 3929 2612 3984 sein.
2640 3930 2647 4002 Ι

303 4002 386 4053 13.
435 3998 660 4069 vulyum
705 3998 791 4052 als
828 4000 1026 4053 Aecus.
1064 3998 1125 4052 in
1173 4000 1272 4052 der
1305 3999 1618 4054 Handschr.
1658 3998 1804 4053 efter
1847 3999 1940 4053 fiir
1983 4002 2192 4071 vulqus.
2253 4003 2262 4073 1
2324 4007 2406 4056 15.
2448 4002 2514 4055 In
2553 4001 2652 4054 der

298 4069 490 4123 Li‘icke
526 4069 673 4123 muss
713 4070 811 4124 des
852 4068 1159 4124 Gen‘ichtes
1196 4069 1518 4123 Erwahnun
1595 4070 1808 4140 gethan
1845 4070 1991 4140 sein,
2041 4072 2141 4126 das
2180 4070 2241 4125 in
2276 4079 2554 4142 tamquam
2582 4103 2650 4112 -

300 4141 568 4196 revocarit
613 4139 805 4196 seinen
852 4141 1150 4194 Ausdruck
1198 4140 1484 4210 gefunden
1520 4088 1656 4211 {aa
1706 4141 1823 4196 also
1877 4141 1955 4196 ist
1997 4141 2105 4197 mit
2149 4140 2653 4212 Nipp.-Andresen

303 4214 451 4266 etwa
488 4229 556 4265 zu
595 4217 897 4281 erganzen:
934 4213 1021 4267 his
1058 4213 1317 4282 <vocibus
1352 4214 1664 4282 supervenit
1697 4213 1888 4268 inanis
1922 4213 2151 4287 rumor>
2189 4220 2480 4282 tamquam.

483 4282 584 4338 61.
634 4288 681 4336 1.
721 4285 941 4338 tamdem
979 4282 1106 4337 d.h.
1146 4281 1369 4336 endlich
1395 4300 1513 4337 war
1539 4282 1715 4338 ihnen
1740 4283 1950 4338 wieder
1978 4300 2037 4338 so
2068 4301 2135 4337 zu
2162 4284 2335 4337 Mute.
2371 4287 2378 4353 Ι
2420 4288 2469 4337 3.
2505 4284 2651 4350 foro-

303 4370 404 4422 que
441 4371 507 4409 ac
544 4355 756 4423 templis
791 4360 1058 4409 statuunt.
1115 4353 1196 4406 Zu
1234 4354 1361 4408 dem
1389 4353 1515 4409 Abl.
1557 4354 1701 4408 ohne
1738 4357 1801 4409 iu
1836 4373 1870 4406 v
1908 4354 1945 4409 1.
1973 4354 2104 4410 hist.
2137 4360 2184 4424 5,
2215 4360 2246 4409 5
2285 4356 2459 4425 iqitwr
2494 4355 2666 4409 nulla„

301 4426 604 4480 simulacra
639 4425 869 4480 wrbibus
902 4426 1038 4492 suia,
1073 4425 1273 4480 nedum
1308 4426 1520 4495 templis
1554 4427 1757 4483 sistunt
1792 4443 1870 4478 un
1947 4443 1987 4479 s.
2026 4424 2172 4480 Einl.
2212 4432 2242 4492 ξ
2272 4430 2355 4479 35.
