3075 4800
473 245 556 308 16
826 242 1176 298 CORNELII
1212 242 1452 297 TACITI
1488 243 1587 297 AB
1624 242 1945 298 EXCESSU
1980 243 2137 297 DIVI
2172 242 2487 298 AUGUSTI

468 406 670 469 trium
716 408 1136 488 nostrumque
1183 427 1427 469 morem
1474 406 1811 470 exercitae.
1895 406 2098 491 igitur
2136 404 2367 470 Caesar
2411 410 2673 471 auctum
2718 431 2832 492 pe·

472 494 677 577 cunia,
724 492 961 557 additis
998 493 1441 577 stipatoribus,
1486 493 1788 558 hortatur
1823 495 2066 580 gentile
2103 494 2294 559 decus
2332 516 2567 580 magno
2607 497 2833 562 animo

472 603 826 666 capessere:
874 581 1058 646 illum
1105 582 1388 666 primum
1426 582 1670 646 Romae
1713 587 1927 647 ortum
1965 604 2083 648 nec
2121 583 2427 665 obsidem,
2475 583 2588 647 sed
2624 585 2836 649 civem

471 672 566 735 ire
623 674 957 735 externum
1014 671 1095 735 ad
1141 671 1501 755 imperium.
1585 692 1660 736 ac
1705 671 1916 755 primo
1961 671 2170 735 laetus
2218 670 2554 736 Germanis
2601 672 2837 738 adven-

403 786 455 825 ιο
473 763 606 843 tue,
662 763 854 844 atque
910 781 1014 845 e0,
1069 759 1244 843 quod
1300 760 1499 823 nullis
1556 759 1893 824 discordiis
1948 759 2238 824 imbutus
2291 760 2434 843 pari
2491 760 2560 824 in
2606 782 2834 826 omnes

473 847 688 913 studio
728 852 964 933 ageret,
1011 847 1338 931 celebrari,
1386 847 1529 932 coli,
1576 849 1770 912 modo
1809 848 2180 913 comitatem
2217 852 2283 913 et
2317 850 2836 935 temperantiam,

470 936 634 1001 nulli
690 938 926 1021 invisa,
982 937 1237 1019 saepius
1293 935 1714 1001 vinolentiam
1770 959 1844 1001 ac
1900 936 2228 1021 libidines,
2284 940 2470 1021 grata
2518 937 2836 1024 barbaria,

470 1047 806 1110 usurpans.
890 1025 1148 1108 iamque
1195 1024 1366 1108 apud
1411 1026 1761 1109 proximos,
1809 1025 1938 1089 iam
1976 1025 2234 1110 longius
2271 1024 2634 1112 clarescere,
2683 1048 2835 1091 cum

470 1114 829 1198 potentiam
858 1113 996 1178 eius
1024 1117 1481 1197 suspectantes,
1521 1113 1635 1198 qui
1664 1114 2057 1178 factionibus
2084 1115 2453 1198 floruerant,
2492 1115 2835 1180 discedunt

400 1228 452 1267 15
472 1203 553 1266 ad
599 1202 1035 1266 conterminos
1081 1202 1358 1286 populos
1403 1224 1477 1267 ac
1521 1202 1954 1267 testificantur
1999 1203 2197 1266 adimi
2243 1205 2523 1267 veterem
2572 1201 2836 1268 Germa-

472 1290 617 1354 niae
679 1290 1046 1355 libertatem
1111 1294 1177 1355 et
1239 1290 1566 1356 Romanas
1632 1312 1785 1374 opes
1838 1292 2188 1375 insurgere.
2291 1290 2449 1355 adeo
2504 1292 2834 1357 neminem

473 1379 676 1443 isdem
728 1379 796 1443 in
842 1380 1033 1444 terris
1079 1383 1322 1464 ortum,
1380 1380 1492 1464 qui
1536 1379 1897 1463 principem
1942 1380 2156 1444 locum
2202 1379 2495 1463 impleat,
2551 1380 2680 1444 nisi
2727 1403 2837 1445 ex-

471 1467 820 1551 ploratoris
876 1467 1059 1532 Flavi
1123 1468 1464 1553 progenies
1529 1490 1723 1551 super
1787 1472 2051 1533 cunctos
2107 1467 2489 1533 attollatur?
2588 1469 2836 1534 frustra

471 1556 841 1620 Arminium
887 1556 1268 1640 praescribi:
1326 1556 1507 1620 cuius
1555 1557 1611 1620 si
1657 1556 1833 1620 filius
1878 1556 2105 1621 hostili
2152 1557 2221 1620 in
2268 1556 2408 1621 solo
2456 1556 2716 1622 adultus
2762 1558 2837 1622 in

399 1670 454 1708 20
473 1665 746 1728 regnum
801 1645 1106 1728 venisset,
1161 1665 1347 1727 posse
1405 1645 1764 1727 extimesci,
1819 1645 2129 1709 infectum
2176 1645 2503 1729 alimonio,
2548 1647 2837 1730 serviti0,

474 1732 679 1817 cultu,
736 1732 1038 1797 omnibus
1085 1733 1393 1797 externis:
1442 1737 1509 1797 at
1555 1734 1611 1797 si
1656 1736 1925 1816 paterna
1968 1733 2196 1799 Italico
2242 1756 2422 1798 mens
2470 1739 2653 1819 esset,
2699 1757 2833 1800 non

474 1821 674 1885 alium
738 1821 1051 1885 infensius
1116 1843 1294 1884 arma
1358 1825 1583 1885 contra
1645 1823 1923 1905 patriam
1982 1844 2054 1887 ac
2109 1824 2262 1887 deos
2316 1827 2579 1905 penates
2637 1828 2875 1907 quam‘

475 1913 808 1993 parentem
856 1909 994 1972 eius
1040 1909 1415 1974 exercuisse.

373 1997 452 2059 17
654 1997 778 2062 His
833 2002 1025 2082 atque
1083 1998 1324 2062 talibus
1380 2020 1649 2083 magnas
1706 1999 1924 2082 copias
1979 2021 2270 2085 coegere3
2324 2021 2442 2063 nec
2497 2000 2835 2082 pauciores

473 2086 776 2152 Italicum
831 2086 1282 2171 sequebantur.
1374 2109 1505 2151 non
1561 2088 1733 2151 enim
1779 2088 2101 2171 inrupisse
2146 2088 2227 2153 ad
2272 2088 2530 2171 invitoS,
2577 2088 2686 2153 sed
2733 2110 2835 2154 ac-

474 2177 676 2240 citum
721 2176 1146 2260 memorabat,
1194 2176 1449 2260 quando
1497 2176 1839 2240 nobilitate
1886 2180 2130 2242 ceteros
2175 2176 2475 2240 anteiret:
2522 2176 2831 2240 virtutem

475 2264 943 2347 experirentur,
1008 2287 1090 2327 an
1156 2265 1425 2348 dignum
1490 2287 1559 2328 se
1622 2268 1854 2348 patruo
1915 2263 2239 2350 Armini0,
2303 2286 2423 2328 avo
2478 2262 2828 2329 Actumero

424 2374 451 2415 5
472 2351 825 2435 praeberet.
917 2374 1034 2417 nec
1088 2356 1339 2435 patrem
1385 2353 1637 2437 rubori,
1694 2352 1867 2437 quod
1911 2354 2103 2418 fidem
2151 2354 2454 2418 adversus
2501 2353 2830 2418 Romanos

472 2439 840 2504 volentibus
881 2438 1215 2504 Germanis
1263 2445 1589 2524 sumptam
1626 2463 1978 2526 numquam
2017 2443 2354 2507 omisisset.
2439 2442 2604 2507 falso
2642 2443 2832 2507 liber-

472 2529 627 2592 tatis
694 2528 1076 2592 vocabulum
1144 2529 1408 2593 obtendi
1472 2530 1554 2593 ab
1618 2530 1724 2614 iis,
1786 2531 1898 2614 qui
1961 2531 2267 2614 privatim
2323 2532 2697 2615 degeneres,
2761 2532 2831 2595 in

475 2780 522 2830 7.
560 2775 774 2831 hortari
808 2774 913 2829 mit
951 2775 1078 2829 dem
1105 2774 1367 2844 1nfinitiv,
1407 2792 1449 2828 ε.
1479 2776 1621 2845 Kap.
1655 2781 1702 2843 1,
1733 2781 1781 2828 5.
1817 2776 1824 2845 Ι
1854 2777 2053 2846 yentile
2088 2775 2211 2829 hier
2248 2774 2351 2829 auf
2385 2776 2482 2829 das
2511 2773 2668 2826 Hans
2709 2776 2832 2828 und

473 2846 565 2900 die
601 2845 840 2901 Familie
887 2864 954 2900 zu
999 2846 1285 2902 beziehen.
1329 2849 1336 2918 Ι
1382 2852 1464 2901 12.
1513 2848 1697 2901 invisa
1735 2878 1802 2886 —
1838 2852 2003 2916 yrata
2047 2846 2152 2900 auf
2180 2846 2495 2900 Abstrakta
2529 2843 2659 2899 fem.
2700 2861 2828 2915 gen.

473 2918 725 2987 bezogen
775 2917 882 2971 wie
928 2923 978 2985 4,
1019 2925 1085 2972 15
1143 2919 1476 2988 aderantque
1529 2919 1718 2972 iuveni
1768 2918 2034 2972 modestia
2080 2934 2147 2972 ac
2189 2919 2373 2984 forma
2411 2917 2666 2985 principe
2712 2917 2831 2971 viro

475 2989 668 3057 diyna,
704 2989 769 3041 ob
790 2989 1100 3056 periculum
1125 2991 1391 3059 qratiora,
1426 2989 1557 3042 hist.
1590 2995 1640 3056 2,
1670 2994 1739 3042 20
1768 3005 1890 3057 pax
1925 2995 1976 3042 et
2010 2988 2302 3042 concordia
2332 3032 2378 3042 ..
2404 3031 2414 3041 .
2445 2988 2655 3043 iactata
2679 2993 2828 3042 sunt.

475 3062 527 3123 3,
567 3062 635 3110 70
673 3074 867 3126 pacem
910 3065 960 3112 et
1005 3061 1351 3113 concordiam
1394 3060 1552 3113 victis
1595 3060 1790 3127 utilia,
1836 3060 2131 3113 victoribus
2175 3065 2392 3113 tantum
2430 3059 2666 3126 pulchra
2702 3073 2827 3125 esse,

476 3132 527 3194 4,
558 3133 627 3180 64
663 3135 727 3181 ut
764 3129 1011 3182 amicitia
1047 3130 1377 3197 societasque
1411 3136 1606 3183 nostra
1644 3171 1655 3181 .
1688 3172 1698 3182 .
1732 3173 1743 3183 .
1781 3136 1910 3184 rata
1945 3131 2072 3184 sint.
2140 3128 2318 3199 Sogar
2352 3127 2501 3182 nach
2536 3127 2829 3182 Personal-

478 3196 870 3251 substantiven
905 3197 1083 3251 findet
1119 3197 1239 3251 sich
1286 3198 1387 3252 das
1423 3198 1701 3253 Neutrum
1737 3198 1903 3266 Plur.,
1943 3217 2069 3254 ann.
2112 3207 2160 3268 1,
2188 3206 2257 3253 46
2294 3207 2488 3268 -patres
2523 3206 2576 3255 et
2602 3201 2827 3268 plebem,

473 3268 731 3322 invalida
767 3274 817 3322 ct
850 3269 1112 3333 inermia,
1156 3267 1288 3322 hist.
1320 3273 1370 3336 5,
1402 3273 1433 3321 5
1464 3275 1746 3338 parcnteS,
1793 3271 2010 3337 libero-9,
2055 3272 2257 3337 fratres
2291 3271 2429 3324 vilia
2463 3271 2682 3336 habere,
2718 3268 2826 3339 vgl.

475 3338 623 3391 auch
671 3354 798 3391 ann.
840 3345 924 3405 14,
962 3343 1030 3392 48
1077 3340 1387 3406 carnificem
1432 3347 1482 3394 et
1528 3342 1806 3410 laqueum,
1848 3342 2064 3409 pridem
2108 3343 2344 3408 abolita;
2393 3358 2435 3395 s,
2474 3341 2724 3395 Heraeus
2761 3357 2829 3392 zu

474 3408 604 3463 hist.
628 3416 677 3475 2,
700 3414 785 3477 20,
808 3414 889 3462 11.
950 3409 1205 3463 libidines
1227 3409 1762 3483 ‘Zfigellosigkeit'.l
1789 3417 1870 3466 13.
1893 3413 2193 3480 clarescere,
2221 3411 2329 3465 wie
2349 3418 2399 3478 4,
2421 3417 2507 3478 52,
2539 3411 2720 3465 Germ.
2746 3416 2827 3476 14,

473 3479 604 3533 hist.
627 3485 679 3546 2,
700 3485 785 3547 53,
814 3496 920 3532 nac
980 3480 1108 3533 dem
1126 3480 1427 3551 Vorgange
1445 3481 1770 3537 vonLucrez
1795 3484 1936 3537 statt
1952 3485 2298 3537 inclarescere
2331 3488 2413 3550 12,
2426 3487 2512 3548 37,
2532 3482 2665 3552 Agr.
2687 3484 2791 3550 42).

478 3556 560 3604 16.
599 3552 735 3605 adeo
770 3551 1038 3605 neminem
1077 3552 1160 3604 ‘so
1197 3569 1300 3621 gar
1334 3551 1573 3620 keiner’,
1611 3554 1745 3608 adeo
1779 3552 1928 3606 bloss
1973 3553 2296 3607 verstarken
2374 3579 2442 3598 =
2476 3554 2782 3607 admodum.

477 3627 559 3676 17.
594 3620 869 3691 Obgleich
906 3640 974 3674 zu
1002 3623 1384 3691 exploratore&
1411 3622 1504 3677 bei
1526 3623 1691 3692 jeder
1717 3623 1931 3693 Legion
1959 3623 2083 3678 eine
2108 3623 2299 3678 kleine
2328 3624 2550 3704 Truppe
2578 3622 2829 3689 bildend,

475 3691 568 3745 die
613 3692 962 3763 tfichtigsten
1000 3694 1175 3748 Lente
1227 3709 1559 3763 genommen
1605 3694 1860 3763 usur-den,
1908 3694 2012 3748 hat
2056 3694 2157 3748 das
2193 3693 2361 3749 Wort
2395 3694 2519 3748 hier
2556 3693 2700 3747 doch
2739 3691 2830 3746 die

475 3762 852 3817 verachtliche
890 3764 1226 3833 Bedeutung
1265 3764 1593 3819 ‘romischer
1629 3764 1841 3834 Spion'.
1886 3768 1893 3834 Ι
1938 3771 2019 3820 19.
2051 3767 2356 3834 praescribi
2392 3766 2534 3818 statt
2560 3764 2831 3833 praetexi,

475 3833 719 3900 obtendi,
763 3833 870 3887 wie
907 3840 959 3902 4,
988 3841 1055 3887 52
1101 3836 1317 3901 frustra
1353 3836 1654 3890 Pulchram
1692 3837 2011 3904 praescribi.
2054 3838 2063 3907 Ι
2102 3837 2269 3903 filius,
2346 3835 2458 3888 Der
2495 3834 2672 3902 Sohn,
2721 3833 2830 3888 den

476 3903 802 3958 Thusnelda
837 3904 897 3957 in
932 3904 1239 3958 romischer
1275 3905 1759 3976 Gefangenschaft
1795 3907 1995 3977 gebar,
2037 3923 2155 3960 war
2188 3906 2250 3959 in
2285 3906 2555 3959 Ravenna
2591 3920 2830 3974 erzogen

476 3974 591 4026 und
624 3974 771 4043 jetzt
805 3974 1015 4028 bereits
1053 3976 1370 4044 gestorben.
1449 3983 1495 4045 1,
1526 3982 1613 4031 58.
1688 3976 1891 4031 Strabo
1926 3980 2104 4032 nennt
2140 3977 2240 4030 ihn
2277 3975 2653 4030 Thumelicus.

658 4045 755 4101 17.
813 4051 860 4099 3.
900 4033 1054 4098 Uber
1089 4048 1311 4115 quando
1348 4047 1408 4100 in
1444 4047 1711 4102 kausaler
1745 4048 2082 4117 Bedeutung
2118 4066 2159 4102 s,
2189 4046 2337 4102 Einl.
2367 4053 2397 4112 ξ
2428 4053 2545 4100 100.
2571 4047 2593 4169 i
2623 4046 2830 4100 anteire

472 4114 581 4169 mit
627 4115 755 4169 dem
790 4115 1124 4185 Akkusativ,
1167 4116 1274 4171 wie
1312 4123 1362 4185 3,
1390 4124 1477 4187 47,
1515 4118 1646 4172 hist.
1680 4123 1765 4187 2,5
1804 4118 1920 4171 und
1958 4118 2120 4187 efter,
2158 4117 2252 4171 bei
2283 4117 2393 4172 Cic.
2433 4118 2569 4171 abso
2594 4118 2660 4170 ut
2697 4117 2830 4170 oder

471 4185 580 4240 mit
617 4186 744 4240 dem
780 4186 930 4256 Dat„
970 4187 1213 4242 seltener
1246 4188 1355 4242 mit
1392 4188 1519 4242 dem
1557 4188 1703 4243 Akk.
1743 4190 1905 4258 (Brut
1940 4195 1969 4254 ξ
2005 4195 2126 4257 229,
2164 4190 2321 4243 acad.
2356 4195 2483 4257 post
2522 4193 2612 4252 1-§
2640 4193 2726 4254 35,
2763 4188 2829 4240 de

470 4264 587 4312 nat.
619 4259 764 4311 deor.
794 4264 824 4310 2
856 4265 885 4324 5
915 4263 1036 4327 153,
1063 4275 1166 4328 pro
1197 4257 1354 4312 Sulla
1380 4266 1411 4324 ξ
1441 4263 1548 4330 23),
1575 4260 1725 4313 nach
1754 4260 1882 4313 dem
1908 4260 2181 4329 Vorgang
2208 4259 2307 4313 der
2334 4259 2551 4313 ‘alteren
2578 4256 2825 4323 Dichter,

473 4326 569 4381 bei
608 4327 761 4382 Caes.
800 4347 908 4383 nur
946 4329 1197 4397 absolut,
1235 4328 1342 4383 wie
1380 4345 1439 4383 es
1479 4330 1626 4383 auch
1662 4330 1757 4384 bei
1794 4329 1924 4383 Tac.
1965 4330 2113 4384 oster
2149 4329 2480 4383 vorkommt.
2555 4328 2663 4381 Mit
2701 4328 2829 4381 dem

471 4396 600 4451 Dat.
640 4399 793 4453 steht
829 4416 887 4454 es
927 4416 1053 4454 ann.
1095 4406 1144 4468 5,
1184 4405 1233 4453 3.
1268 4403 1276 4468 Ι
1310 4406 1358 4454 6.
1395 4402 1699 4455 volentibus
1738 4401 2044 4456 Germanis,
2108 4400 2237 4470 Vgl.
2268 4407 2317 4469 2,
2346 4406 2381 4452 4
2408 4400 2828 4453 Ariobarzanen
