3075 4800
404 202 529 268 106
748 203 1101 259 CORNELII
1136 205 1376 260 TACITI
1410 205 1509 259 AB
1545 205 1866 261 EXCESSU
1902 205 2059 260 DIVI
2093 205 2412 260 AUGUSTI

397 365 661 430 habitus
691 370 756 431 et
784 368 1077 451 exemplo
1105 367 1392 432 hostium
1421 368 1831 432 circumferre
1859 368 2103 432 bellum
2140 371 2417 454 coactus,
2455 368 2757 451 dispertit

398 455 594 538 vires,
652 459 725 520 ut
770 456 971 542 legati
1018 456 1451 540 praefectique
1507 456 1796 520 diversos
1842 455 2021 521 locos
2067 457 2309 539 pariter
2354 456 2758 543 invaderent3

400 543 596 608 simul
621 565 840 629 regem
868 543 1266 608 Antiochum
1292 547 1515 608 monet
1547 545 1877 627 proximas
1906 544 2032 608 sibi
2058 545 2492 628 praefecturas
2520 549 2756 629 petere.

397 653 550 698 nam
602 630 1070 696 Pharasmanes
1133 632 1474 696 interfecto
1529 632 1669 696 filio
1725 632 2104 696 Radamisto
2167 633 2351 716 quasi
2406 633 2758 717 proditore,

319 746 372 785 ιο
401 743 528 804 quo
578 720 770 784 fidem
826 720 893 783 in
939 741 1059 784 nos
1113 723 1487 805 testaretur,
1542 724 1729 785 vetus
1783 720 2087 785 adversus
2133 718 2480 785 Armenios
2536 721 2758 785 odium

400 807 765 892 promptius
830 808 1180 871 exercebat.
1272 812 1556 892 tuncque
1621 809 1903 893 primum
1968 808 2190 873 inlecti
2250 809 2532 893 Moschi,
2597 831 2755 895 gens

399 899 546 960 ante
598 894 757 959 alias
805 896 979 960 socia
1025 896 1363 981 Romanis,
1419 897 1564 961 avia
1608 896 1951 961 Armeniae
2008 897 2377 961 incursavit.
2471 898 2563 961 ita
2608 919 2757 962 con-

398 983 545 1050 silia
601 982 873 1048 Tiridati
937 985 1007 1047 in
1071 985 1468 1050 contrarium
1532 984 1896 1069 vertebant,
1960 985 2389 1069 mittebatque
2450 990 2756 1070 oratores,

399 1071 511 1155 qui
557 1091 674 1135 suo
721 1071 1239 1158 Parthorumque
1283 1074 1547 1138 nomine
1594 1074 2104 1160 expostularent,
2162 1095 2275 1138 cur
2330 1073 2498 1137 datis
2554 1096 2762 1157 nuper

319 1186 369 1226 15
401 1159 738 1225 obsidibus
794 1161 1354 1246 redintegrataque
1409 1162 1722 1247 amicitia,
1788 1184 1951 1246 quae
2005 1163 2192 1226 novis
2259 1183 2514 1246 quoque
2570 1163 2760 1232 bene-

398 1248 566 1313 ficiis
613 1248 828 1313 locum
873 1249 1167 1333 aperiret,
1215 1253 1428 1314 vetere
1468 1249 1815 1315 Armeniae
1858 1251 2268 1333 possessione
2314 1249 2758 1333 depelleretur.

398 1335 543 1401 ideo
599 1338 886 1401 nondum
942 1338 1157 1421 ipsum
1204 1338 1573 1424 Vologesen
1630 1343 2052 1422 commotum,
2111 1338 2262 1422 quia
2316 1360 2510 1403 causa
2564 1360 2760 1421 quam

398 1425 465 1489 vi
501 1445 691 1510 agere
727 1426 1024 1490 mallent:
1074 1427 1175 1491 sin
1218 1430 1618 1510 perstaretur
1663 1427 1732 1491 in
1767 1426 1957 1510 bello,
2003 1447 2137 1491 non
2174 1427 2391 1491 defore
2429 1426 2759 1491 Arsacidis

399 1513 710 1578 virtutem
744 1514 1200 1600 fortunamque
1240 1515 1494 1599 saepius
1532 1516 1662 1579 iam
1702 1514 1880 1579 clade
1918 1515 2211 1579 Romana
2248 1519 2597 1598 expertam.
2678 1514 2760 1579 ad

316 1627 373 1667 20
399 1623 474 1666 ea
542 1600 849 1686 Corbulo,
925 1604 1084 1687 satis
1149 1607 1479 1688 comperto
1545 1602 1910 1689 Vologesen
1976 1602 2331 1668 defectione
2395 1602 2759 1687 Hyrcaniae

402 1690 692 1774 attineri,
747 1692 975 1756 suadet
1021 1691 1294 1760 Tiridati
1340 1692 1639 1777 precibus
1687 1691 2022 1756 Caesarem
2068 1692 2358 1776 adgredi:
2413 1712 2605 1775 posse
2658 1691 2759 1755 illi

399 1799 673 1863 regnum
733 1779 965 1843 stabile
1030 1785 1095 1844 et
1156 1803 1259 1845 res
1324 1781 1691 1845 incruentas
1757 1780 2156 1865 contingere,
2222 1782 2278 1845 si
2343 1780 2582 1847 omissa
2645 1801 2758 1864 spe

398 1867 755 1951 longinqua
805 1871 870 1932 et
917 1890 1058 1932 sera
1101 1872 1504 1952 praesentem
1550 1869 1998 1953 potioremque
2046 1872 2435 1953 sequeretur.

291 1956 378 2021 38
579 1956 900 2020 Placitum
938 1957 1186 2038 dehinc,
1226 1958 1378 2041 quia
1415 1957 1926 2022 commeantibus
1963 1957 2031 2020 in
2065 1957 2270 2021 vicem
2308 1957 2555 2021 nuntiis
2592 1955 2758 2020 nihil

398 2044 466 2107 in
532 2065 849 2108 summam
914 2046 1091 2129 pacis
1164 2046 1647 2129 proficiebatur,
1723 2045 2066 2130 conloquio
2139 2047 2430 2128 ipsorum
2502 2049 2757 2128 tempus

397 2132 739 2215 locumque
782 2132 1109 2197 destinari.
1182 2133 1361 2198 mille
1399 2135 1691 2218 equitum
1737 2133 2130 2217 praesidium
2168 2133 2491 2197 Tiridates
2537 2133 2758 2196 adfore

398 2220 525 2285 sibi
573 2220 854 2285 dicebat:
901 2225 1216 2306 quantum
1264 2221 1618 2287 Corbuloni
1666 2223 1975 2305 cuiusque
2022 2222 2276 2306 generis
2322 2220 2606 2285 militum
2651 2221 2758 2284 ad-

341 2337 369 2379 5
399 2308 683 2394 sisteret,
738 2330 873 2373 non
931 2313 1238 2393 statuere,
1294 2311 1448 2375 dum
1494 2310 1729 2394 positis
1777 2310 1996 2374 loricis
2052 2313 2117 2374 et
2162 2309 2364 2396 galeis
2412 2310 2481 2372 in
2525 2309 2756 2372 faciem

398 2398 575 2481 pacis
621 2398 963 2463 veniretur.
1057 2400 1436 2483 cuicumque
1487 2400 1889 2484 mortalium,
1943 2399 2181 2464 nedum
2234 2399 2436 2463 veteri
2492 2402 2558 2461 et
2611 2420 2757 2481 pro-

398 2487 548 2550 vido
605 2485 778 2570 duci,
834 2487 1143 2552 barbarae
1198 2489 1475 2553 astutiae
1530 2488 1919 2571 patuissent:
1975 2489 2120 2552 ideo
2176 2492 2389 2551 artum
2442 2486 2590 2550 inde
2641 2509 2757 2549 nu·

394 2595 647 2638 merum
693 2575 868 2639 finiri
915 2579 979 2639 et
1024 2576 1177 2640 hinc
1221 2578 1531 2640 maiorem
1580 2576 1814 2659 offerri,
1860 2580 1936 2639 ut
1972 2576 2161 2640 dolus
2197 2578 2557 2660 pararetur3
2602 2597 2755 2638 nam

394 2734 545 2789 brevi
580 2740 823 2801 servata,
866 2734 996 2787 dein
1030 2734 1244 2800 fraena
1291 2734 1483 2788 habita
1518 2739 1650 2787 sunt
1685 2735 1775 2802 (=
1813 2734 2090 2802 neqlecta).
2143 2733 2151 2803 Ι
2201 2736 2251 2785 8.
2289 2731 2605 2785 Antiochus
2641 2746 2759 2785 war

396 2804 586 2874 Konig
621 2821 729 2858 von
763 2805 1162 2874 Kommagene.
1231 2803 1281 2857 S.
1322 2821 1391 2856 zu
1431 2809 1515 2871 12,
1547 2808 1633 2858 55.
1684 2804 1693 2874 Ι
1743 2790 1897 2857 Uber
1941 2819 2178 2858 monere·
2197 2801 2305 2855 mit
2349 2802 2479 2856 dem
2514 2799 2760 2854 Infinitiv

397 2893 440 2929 s.
482 2881 568 2944 11,
602 2881 650 2944 1,
680 2880 729 2930 5.
781 2879 790 2944 Ι
842 2883 888 2929 9.
928 2874 1353 2943 PharasmaneS‚
1391 2874 1583 2944 Konig
1619 2874 1719 2928 der
1748 2873 2005 2942 Hiberer‚
2042 2873 2203 2927 hatte
2240 2890 2338 2925 um
2375 2872 2478 2926 das
2514 2872 2654 2926 Jahr
2690 2877 2756 2925 51

395 2946 592 3001 seinen
638 2946 692 3000 ei
734 2962 877 3000 enen
921 2946 1137 2999 Bruder
1180 2943 1545 2999 Mithridates
1592 2945 1769 2998 durch
1804 2944 2169 2998 Radamistus
2215 2943 2510 2997 ermorden
2554 2942 2758 2996 lassen.

397 3023 483 3084 12,
516 3022 605 3071 47.
735 3018 843 3070 ach
878 3015 983 3085 ΚΡ.
1023 3022 1054 3069 6
1092 3016 1253 3070 hatte
1297 3015 1560 3070 letzterer
1606 3016 1718 3069 den
1752 3015 1928 3085 Krieg
1963 3031 2034 3085 ge
2076 3030 2147 3069 en
2184 3012 2486 3069 Armenien
2533 3013 2761 3066 endlich

397 3086 767 3157 aufgegeben.
820 3090 829 3156 Ι
881 3092 963 3141 11.
1003 3086 1108 3140 Die
1144 3085 1419 3155 Moscher‚
1457 3087 1603 3140 auch
1640 3103 1748 3140 von
1774 3085 1926 3140 Mela
1962 3103 2040 3138 un
2118 3086 2245 3139 dem
2284 3084 2504 3138 ’alteren
2538 3083 2759 3137 Plinius

397 3157 669 3225 erw‘ahnt‚
708 3158 973 3211 wohnten
1002 3173 1093 3210 am
1121 3156 1451 3212 Schwarzen
1477 3158 1634 3211 Meer
1671 3156 1948 3210 zwischen
1976 3155 2278 3210 Armenien
2305 3155 2424 3208 und
2452 3155 2581 3208 dem
2608 3154 2759 3208 Kau-

396 3229 569 3282 kasus
609 3245 683 3281 an
719 3228 830 3282 den
868 3226 1103 3292 Quellen
1140 3227 1239 3281 des
1278 3226 1468 3297 Cyrus.
1511 3229 1520 3298 Ι
1574 3233 1657 3283 12.
1695 3228 2017 3282 inam-savit.
2083 3226 2197 3280 Das
2234 3225 2512 3279 Pradikat
2545 3224 2623 3278 ist
2660 3223 2765 3278 auf

394 3298 491 3352 die
518 3298 971 3369 voraufgehende
1000 3297 1338 3367 Apposition
1364 3299 1633 3368 bezogen.
1689 3296 1817 3368 Vgl.
1848 3297 1980 3351 hist.
2005 3303 2053 3366 1,
2075 3303 2140 3351 61
2172 3298 2323 3352 electi
2332 3298 2490 3350 -ad
2517 3298 2759 3365 qnadra-

394 3371 555 3440 9inta
591 3370 750 3423 milia
784 3376 1122 3424 armatorum
1167 3371 1317 3423 data.
1395 3375 1463 3423 86
1502 3371 1647 3438 quod
1677 3401 1745 3409 —
1775 3385 2001 3437 campas
2037 3369 2287 3423 Martius
2321 3373 2374 3421 et
2406 3368 2501 3421 via
2536 3366 2757 3419 Flami-

392 3442 524 3507 nia,
569 3441 673 3494 iter
719 3441 870 3507 belli,
915 3447 1046 3495 esset
1081 3442 1426 3509 obstructum,
1466 3457 1508 3494 s.
1550 3458 1619 3493 zu
1657 3446 1706 3508 2,
1739 3446 1823 3507 17,
1855 3444 1886 3493 5
1947 3442 1956 3510 Ι
2001 3445 2082 3493 15.
2122 3439 2415 3493 obsidibus,
2484 3436 2537 3490 S.
2575 3436 2680 3505 ΚΡ.
2723 3441 2754 3487 9

406 3511 683 3608 Vologeses
718 3512 895 3566 tradit
927 3511 1292 3566 nobilissimos
1326 3528 1393 3565 ex
1426 3511 1652 3578 familia
1687 3510 2109 3565 Arsacidarum.
2145 3511 2152 3579 Ι
2188 3514 2271 3562 17.
2308 3509 2431 3562 ideo
2471 3507 2598 3588 {nur
2634 3505 2760 3560 des-

394 3582 531 3636 halb
561 3625 572 3637 .
635 3585 643 3650 Ι
701 3589 1020 3637 commotum
1060 3582 1142 3635 ‘er
1186 3581 1335 3635 habe
1381 3581 1501 3634 sich
1549 3581 1695 3635 noch
1737 3580 1899 3634 nicht
1947 3580 2206 3650 geriihrt‚
2251 3578 2399 3632 noch
2434 3576 2595 3630 mcht
2632 3594 2758 3629 zum

394 3652 625 3724 Angriff
666 3653 952 3707 erhoben'.
1005 3655 1013 3722 Ι
1062 3669 1233 3707 cansa
1282 3651 1409 3705 ‘mit
1455 3652 1585 3705 dem
1630 3650 1691 3705 in
1739 3652 1839 3705 der
1885 3650 2064 3705 Sache
2109 3649 2500 3720 begrfindeten
2535 3647 2757 3715 Recht’‚

393 3722 505 3793 vgl.
538 3728 623 3792 15,
653 3730 685 3776 2
724 3725 995 3793 aequitate
1030 3741 1197 3793 quam
1232 3724 1522 3793 sanquine,
1559 3739 1731 3777 caasa
1766 3739 1930 3791 quam
1968 3722 2141 3775 armis
2175 3722 2406 3775 retinere
2435 3725 2608 3786 parta
2643 3736 2756 3771 ma·

395 3796 622 3848 lucram.
657 3796 665 3864 Ι
701 3799 783 3848 19.
823 3800 1100 3863 expertam
1134 3792 1461 3862 passivisch‚
1503 3810 1546 3847 s.
1586 3811 1655 3846 zu
1688 3798 1738 3860 3,
1771 3799 1855 3860 17,
1887 3797 1969 3847 11.
2004 3794 2012 3862 Ι
2046 3798 2131 3845 20.
2170 3789 2458 3861 Hyrcania
2493 3788 2593 3859 lag
2629 3789 2760 3842 sfid-

393 3863 603 3918 ostlich
642 3880 733 3917 am
770 3863 1090 3933 Kaspi-See.
1126 3865 1135 3932 Ι
1168 3870 1252 3917 21.
1292 3865 1487 3919 suadet
1513 3895 1582 3904 --
1611 3864 1688 3918 ad
1753 3864 1859 3930 edi,
1896 3880 1938 3917 s.
1979 3880 2047 3915 zu
2085 3868 2136 3931 3,
2168 3866 2253 3930 53,
2286 3867 2334 3915 7.

538 3934 637 3989 38.
686 3941 734 3987 2.
774 3952 985 3989 summa
1016 3932 1502 4004 ‘Entscheidung'.
1537 3935 1547 4005 Ι
1580 3939 1629 3988 5.
1705 3952 1801 3988 um
1829 3936 1972 3987 statt
1998 3934 2289 3988 dummodo
2321 3932 2425 3985 hat
2452 3930 2582 3983 Tac.
2616 3931 2755 3983 stets

394 4004 456 4059 in
484 4005 595 4059 den
623 4005 896 4074 Annalen‚
934 4020 1205 4074 wogegen
1241 4022 1302 4059 er
1339 4006 1631 4060 dammodo
1666 4022 1773 4058 nur
1808 4004 1888 4057 im
1914 4003 2061 4057 Dial.
2091 4003 2207 4057 und
2235 4002 2297 4056 in
2325 4003 2425 4055 der
2454 3999 2758 4055 Germania

394 4076 709 4130 anwendet.
745 4078 753 4146 Ι
784 4077 848 4129 in
883 4076 1082 4143 faciem
1109 4078 1269 4144 pacis
1309 4102 1377 4121 =
1414 4081 1481 4130 at
1512 4076 1684 4143 facies
1710 4076 1874 4145 pacis
1910 4081 2044 4129 esset
2082 4074 2190 4128 ‘als
2225 4073 2334 4127 wie
2369 4072 2448 4125 im
2474 4069 2755 4125 Frieden’.

395 4145 524 4216 Vgl.
555 4145 686 4199 hist.
718 4152 768 4214 5,
797 4152 866 4199 23
894 4147 1217 4216 superfusus
1244 4148 1426 4200 amnis
1451 4148 1697 4201 insulam
1732 4148 1796 4201 in
1821 4147 2019 4213 faciem
2055 4145 2243 4215 stayni
2277 4144 2529 4213 opplevit.
2603 4129 2758 4195 Uber

397 4217 499 4270 das
536 4216 906 4271 konsekutive
943 4219 1007 4270 in'
1042 4233 1084 4269 s.
1125 4215 1269 4269 Einl.
1310 4223 1339 4281 ξ
1367 4222 1453 4270 48.
1515 4221 1524 4287 Ι
1585 4222 1633 4270 6.
1674 4218 1874 4271 nedum
1909 4216 2016 4270 mit
2049 4213 2349 4285 positivam
2383 4214 2511 4267 Hau
2552 4213 2753 4280 tsatze,

394 4286 502 4340 wie
538 4287 643 4357 ΚΡ.
684 4293 752 4342 20
789 4289 1103 4357 cuicumque
1117 4329 1130 4355 ‚
1167 4289 1368 4341 nedum
1396 4289 1639 4355 parenti,
1676 4288 2040 4354 defensionem
2075 4287 2435 4341 tribuendam.
2554 4325 2565 4336 .
2602 4282 2753 4336 Einl.

397 4363 429 4422 ξ
459 4361 578 4410 105.
630 4359 639 4428 Ι
691 4364 737 4411 7.
777 4359 906 4412 inde
942 4357 994 4410 d.
1024 4357 1078 4410 h.
1121 4357 1224 4409 auf
1257 4356 1439 4411 seiten
1475 4357 1576 4411 der
1610 4357 1864 4424 Parther,
1906 4358 2034 4411 hinc
2068 4355 2164 4410 bei
2203 4356 2313 4409 den
2351 4355 2609 4409 Romem.
