3075 4800
397 201 483 266 66
744 198 1085 255 CORNELII
1119 199 1360 254 TACITI
1396 198 1494 253 AB
1529 198 1852 255 EXOESSU
1887 198 2043 253 DIVI
2077 198 2400 253 AUGUSTI·

399 363 478 426 ad
531 361 798 428 iniurias
852 361 1176 425 minorum
1230 360 1409 425 elati:
1472 383 1603 426 una
1655 384 1783 426 vox
1837 361 1975 425 eius
2029 382 2234 445 usque
2288 360 2372 425 ad
2425 365 2776 427 contume-

396 450 553 515 liam
618 452 876 514 senatus
938 452 1410 535 penetraverat,
1473 450 1647 532 quod
1711 450 2067 515 dictitasset
2129 450 2198 513 in
2261 471 2377 514 sua
2429 454 2776 533 potestate

344 567 370 607 5
399 539 615 623 situm,
660 559 742 602 an
786 560 904 621 pro
952 538 1343 622 consulibua,
1389 538 1501 621 qui
1549 537 1804 602 Cretam
1852 538 2300 622 obtinuissent,
2346 542 2559 623 grates
2605 560 2772 624 age-

239 623 245 630 ’
399 630 637 691 rentur.
721 648 914 711 quam
960 627 1359 691 occasionem
1400 625 1638 691 Paetus
1674 625 1956 691 Thrasea
2001 626 2082 690 ad
2126 627 2371 690 bonum
2415 625 2766 710 publicum

398 718 680 798 vertens,
735 718 1078 799 postquam
1134 715 1212 779 de
1256 736 1366 779 reo
1422 719 1756 780 censuerat
1809 715 2143 798 provincia
2190 712 2381 778 Creta
2434 714 2769 798 depellen-

400 803 572 886 dum,
618 804 773 868 haec
819 803 1090 868 addidit:
1146 803 1164 833 ‘
1177 825 1298 868 usu
1342 804 1687 886 probatum
1734 807 1848 888 est,
1893 806 2110 887 patres
2155 803 2530 887 conscripti,
2576 804 2771 889 leges

400 893 709 979 egregias,
749 892 1042 976 exempla
1075 891 1349 957 honesta
1384 892 1555 976 apud
1590 892 1796 956 bonos
1835 913 1912 955 ex
1951 891 2203 956 delictis
2240 891 2514 955 aliorum
2553 893 2768 978 gigni.

314 1009 372 1048 ιο
402 981 492 1045 sic
549 984 877 1045 oratorum
930 979 1193 1044 licentia
1246 979 1534 1044 Cinciam
1589 980 2021 1066 rogationem,
2087 980 2568 1044 candidatorum
2624 992 2767 1043 am-‘

399 1069 576 1133 bitus
621 1067 819 1133 Iulias
864 1069 1068 1155 leges,
1115 1069 1610 1155 magistratuum
1659 1069 1927 1132 avaritia
1972 1066 2319 1151 Calpurnia
2364 1069 2525 1133 scita
2566 1088 2766 1153 pepe-

399 1160 652 1243 rerunt3
696 1178 846 1221 nam
893 1157 1084 1241 culpa
1129 1178 1320 1241 quam
1367 1178 1576 1241 poena
1620 1160 1910 1240 tempore
1947 1157 2143 1241 prior,
2190 1156 2513 1220 emendari
2559 1178 2762 1241 quam

398 1267 661 1329 peccare
696 1246 1017 1329 posterius
1047 1249 1159 1309 est.
1236 1266 1389 1331 ergo
1428 1245 1729 1310 adversus
1756 1267 1990 1309 novam
2019 1245 2511 1328 provincialium
2540 1266 2763 1330 super-

397 1334 574 1399 biam
630 1334 898 1420 dignum
953 1334 1079 1397 fide
1134 1334 1622 1417 constantiaque
1668 1333 1961 1398 Romana
2014 1334 2341 1416 capiamus
2397 1333 2765 1418 consilium,

321 1450 372 1489 15
403 1444 532 1507 quo
589 1423 829 1487 tutelae
895 1423 1216 1486 sociorum
1279 1422 1445 1485 nihil
1505 1423 1874 1508 derogetur,
1936 1422 2126 1485 nobis
2192 1422 2411 1504 opinio
2471 1422 2763 1506 decedat,

406 1511 616 1594 qualis
662 1512 934 1595 quisque
978 1509 1309 1594 habeatur,
1356 1510 1513 1574 alibi
1561 1532 1753 1594 quam
1799 1511 1868 1574 in
1912 1510 2150 1574 civium
2197 1510 2435 1574 iudicio
2481 1531 2632 1575 esse.

294 1600 375 1663 21
584 1597 758 1662 Olim
815 1599 1074 1681 quidem
1127 1620 1261 1662 non
1311 1599 1506 1677 modo
1560 1602 1821 1682 praetor
1874 1602 1987 1662 aut
2040 1598 2290 1682 consul,
2355 1599 2467 1663 sed
2519 1597 2762 1681 privati

409 1687 603 1749 etiam
647 1686 1096 1770 mittebantur,
1154 1688 1265 1770 qui
1319 1687 1683 1770 provincias
1737 1687 2019 1751 viserent
2064 1689 2153 1770 et,
2210 1686 2364 1770 quid
2418 1686 2495 1750 de
2549 1688 2763 1751 cuius-

407 1795 531 1858 que
559 1774 868 1857 obsequio
896 1774 1237 1858 videretur,
1274 1776 1605 1859 referrent,
1643 1774 2176 1859 trepidabantque
2205 1779 2429 1860 gentes
2465 1775 2544 1838 de
2570 1775 2759 1839 aesti-

399 1862 683 1927 matione
738 1861 1157 1949 singulorum.
1251 1867 1318 1927 at
1370 1885 1543 1928 nunc
1596 1863 1868 1928 colimus
1927 1866 2225 1927 externos
2286 1867 2350 1927 et
2407 1862 2761 1946 adulamur,

348 1978 374 2019 5
405 1955 470 2016 et
524 1973 653 2035 quo
708 1952 901 2015 modo
959 1952 1038 2015 ad
1090 1956 1321 2016 nutum
1378 1952 1648 2016 alicuius
1704 1955 1944 2037 grates,
2008 1952 2101 2014 ita
2153 1952 2518 2035 promptius
2577 1971 2761 2015 accu-

586 2167 637 2214 4.
668 2168 1050 2230 penetraverat
1090 2161 1272 2215 ‘hatte
1302 2160 1420 2214 sich
1448 2160 1805 2229 verstiegen'.
1857 2161 1866 2231 Ι
1916 2160 2060 2229 quod
2097 2160 2399 2214 dictitasset
2435 2161 2577 2213 statt
2612 2161 2761 2228 quod

402 2232 775 2298 dictitaverat,
820 2231 932 2301 vgl.
973 2231 1083 2285 Cic.
1124 2232 1194 2285 de
1231 2230 1324 2286 off.
1364 2238 1395 2284 3
1433 2237 1464 2296 ξ
1493 2237 1562 2284 34
1599 2248 1666 2286 ae
1693 2232 1937 2300 primum
1982 2231 2045 2283 iu
2090 2231 2189 2284 hoc
2224 2231 2532 2285 Panaetius
2571 2231 2757 2298 defen-

403 2303 615 2356 dendus
651 2309 744 2368 est,
785 2304 931 2370 quod
964 2318 1079 2355 mm
1113 2303 1284 2357 utilia
1319 2319 1442 2356 ewm
1476 2303 1712 2356 honestis
1740 2318 1995 2372 paquare
2030 2302 2332 2369 aliquando
2365 2317 2521 2369 posse
2554 2302 2762 2356 dixerit

402 2371 521 2426 und
550 2388 592 2426 s.
624 2389 693 2425 zu
722 2388 849 2427 ann.
881 2377 932 2440 3,
962 2377 1046 2441 74,
1078 2378 1125 2428 1.
1173 2374 1182 2444 Ι
1234 2377 1281 2427 5.
1319 2378 1500 2443 yrates
1524 2378 1830 2443 ayereutur.
1887 2371 2048 2425 Auch
2074 2389 2171 2425 zur
2199 2370 2322 2426 Zeit
2349 2371 2448 2425 der
2473 2369 2760 2442 Repubfik

402 2442 648 2496 mussten
679 2442 869 2497 solche
898 2442 1221 2498 offentliche
1249 2443 1711 2513 Danksagungen
1739 2443 1838 2496 der
1864 2442 2170 2496 Provinzen
2208 2442 2291 2496 als
2321 2442 2762 2513 Gegengewicht

406 2512 808 2638 ᾗῗὲἓὲθὲᾚέ
838 2528 868 2566 ‘³
882 2513 1205 2654 §¹²3³an
1243 2513 1666 2638 (ἓξὲξῗῗαέἕὲἒ
1684 2513 1953 2638 iffi&
1973 2512 2538 2637 „zuzffiifflezleik
2568 2512 2760 2639 ἓξὲξ

406 2661 690 2710 censuerat
717 2685 785 2695 —-
813 2655 1201 2724 depellendum.
1276 2653 1472 2708 Dieser
1509 2654 1838 2709 scheinbare
1876 2654 2292 2709 Germanismus
2332 2638 2551 2708 ko'mmt
2586 2654 2759 2708 sehon

405 2725 501 2780 bei
538 2723 730 2779 Cicero
767 2741 889 2794 vor,
940 2743 984 2778 z.
1027 2726 1087 2780 B.
1127 2726 1283 2781 Verr.
1322 2731 1357 2778 4
1395 2731 1424 2791 ξ
1454 2730 1522 2779 38
1561 2728 1626 2781 de
1660 2728 1776 2791 hoe
1803 2726 1963 2780 Verri
1997 2727 2202 2781 dieitur
2245 2727 2439 2780 habere
2474 2742 2595 2780 eum
2631 2742 2758 2794 per-

408 2799 551 2851 bona
587 2803 909 2863 toreumata,
947 2812 1114 2867 sogar
1149 2795 1229 2850 im
1265 2796 1629 2865 Relativsatz,
1667 2796 1774 2850 wie
1810 2815 1863 2866 p.
1895 2796 2110 2851 Cluent.
2144 2803 2238 2864 28,
2281 2801 2346 2849 76
2384 2796 2456 2861 de¹
2486 2813 2593 2866 quo
2627 2799 2762 2851 esset

406 2874 530 2922 orta
564 2868 806 2936 suspicio
835 2869 1076 2936 pemmia
1113 2884 1144 2922 o
1258 2874 1489 2939 quatum
1524 2868 1642 2921 und
1679 2867 1848 2936 oster,
1884 2868 2189 2922 besonders
2225 2866 2286 2920 in
2322 2867 2434 2921 den
2469 2865 2709 2921 Briefen.
2745 2866 2755 2940 Ι
2786 2867 2795 2877 ’

407 2943 455 2991 9.
496 2939 741 3006 exempla
776 2939 999 2992 honesta
1039 2885 1434 3008 ‘edlzg'lbnoblw
1462 2938 1703 3007 Praxis'‚
1743 2957 1782 2993 s.
1825 2955 1891 2990 zu
1926 2944 1974 3006 3,
2006 2944 2090 3007 50,
2123 2944 2168 2991 7.
2221 2937 2229 3009 Ι
2282 2943 2363 2991 10.
2404 2939 2625 2993 lieentia
2661 2937 2758 2990 be·-

405 3007 661 3076 zeichnet
704 3007 797 3061 die
833 3007 1086 3077 Habgier
1128 3010 1247 3062 und
1284 3009 1778 3064 Bestechlichkeit.
1839 3014 1846 3074 1
1905 2996 2057 3063 Uber
2103 3007 2195 3062 die
2242 3009 2329 3062 lese
2367 3009 2561 3062 Circeia
2607 3025 2648 3061 s.
2688 3026 2756 3061 zu

408 3085 491 3146 11,
522 3084 554 3132 5
590 3079 856 3149 leyemque
886 3078 1136 3133 Cinciam
1169 3082 1442 3150 flayitaut.
1495 3082 1504 3149 Ι
1557 3086 1639 3135 11.
1678 3080 1856 3134 Unter
1893 3079 2002 3133 den
2032 3078 2303 3133 Gesetzen
2340 3079 2439 3133 des
2468 3078 2755 3149 Augustus

405 3148 518 3215 gab
550 3164 608 3202 es
647 3147 771 3202 eine
801 3150 888 3202 lex
914 3150 1070 3203 Iulia
1107 3151 1175 3203 de
1208 3152 1429 3204 amabitu.
1487 3150 1600 3205 Der
1627 3149 1818 3203 Plural
1846 3150 2175 3204 bezeichnet
2203 3149 2296 3203 die
2325 3148 2757 3204 verschiedenen

405 3219 809 3288 Paragraphen
846 3218 943 3271 des
982 3218 1260 3287 Gesetzes‚
1296 3219 1404 3274 wie
1442 3226 1490 3289 3,
1522 3225 1590 3274 33
1634 3221 1827 3290 Oppiis
1864 3222 1910 3276 le
1946 3222 2083 3276 ibus.
2135 3225 2143 3290 Ι
2202 3221 2318 3274 Das
2357 3219 2753 3289 Calpurnische

407 3287 608 3343 Gesetz
645 3289 712 3342 de
747 3290 1062 3357 repetundis
1096 3289 1252 3342 ward
1286 3295 1388 3343 149
1426 3291 1699 3360 gegeben,
1735 3292 1853 3344 und
1928 3292 2065 3345 urch
2103 3290 2361 3345 dasselbe
2396 3291 2628 3345 wurden
2665 3289 2753 3344 die

407 3360 745 3429 quaestiones
774 3366 1067 3428 perpetuae
1104 3359 1438 3428 eingeffihrt.
1484 3364 1492 3431 1
1532 3360 1647 3415 Der
1671 3361 1933 3415 Wechsel
1966 3362 2046 3415 im
2072 3362 2369 3415 Ausdruck
2406 3363 2755 3432 (royatiouem

403 3462 473 3471 —
514 3432 650 3500 leyes
686 3461 754 3470 —
790 3430 949 3500 scita)
986 3428 1064 3484 ist
1097 3446 1205 3483 nur
1241 3429 1564 3501 stilistisch3
1611 3431 1672 3485 in
1711 3431 1893 3486 dieser
1928 3433 2094 3486 Form
2129 3432 2223 3486 bei
2262 3432 2392 3487 Tac.
2433 3432 2578 3486 auch
2611 3431 2753 3485 noch

404 3501 508 3571 ΚΡ.
540 3507 607 3556 41
637 3501 893 3570 templum
918 3532 988 3541 —
1015 3502 1214 3567 fanum
1243 3533 1310 3542 —
1339 3503 1496 3557 aedes
1522 3534 1593 3543 —
1621 3504 1919 3558 delubrum.
1972 3505 1980 3573 Ι
2042 3509 2123 3556 12.
2162 3521 2295 3557 uam
2332 3505 2532 3572 culpa
2568 3519 2752 3572 quam

396 3589 617 3656 poena
652 3579 884 3657 tempore
911 3574 1090 3656 prior,
1126 3574 1469 3656 emendari
1505 3591 1696 3655 qua-m
1723 3591 2001 3643 peecare
2028 3575 2303 3643 posterius
2338 3581 2432 3641 est,
2469 3573 2578 3643 vgl.
2612 3578 2750 3656 ¹⁶⁹.9·

402 3660 522 3769 2233
558 3662 726 3784 {m
756 3645 2608 3784 ssclssiff‘lssffifflnmssffmgffi‘sssltftssffloqt‘ssssaffi?
2642 3660 2752 3768 '’5:5-

404 3802 569 3853 quam
615 3786 707 3839 ille
752 3786 1004 3855 diynior'
1046 3803 1312 3855 perquam
1355 3803 1520 3857 qrave
1565 3793 1644 3841 est
1678 3787 1844 3840 dictu.
1919 3785 2432 3839 Bemerkenswerte
2478 3785 2749 3839 Parataxe

406 3855 505 3908 der
539 3853 1087 3924 Vergleichsglieder
1130 3856 1237 3910 mit
1273 3856 1743 3926 nachfolgendem
1777 3856 2160 3925 Komparativ.
2221 3859 2229 3926 Ι
2291 3862 2374 3909 16.
2420 3857 2622 3911 civium
2660 3855 2750 3909 der

404 3923 717 3978 romischen
754 3924 981 3993 Bi’irger.

585 3993 682 4048 21.
743 4001 787 4048 1.
837 3996 1075 4063 pm'vati,
1129 4013 1256 4050 vom
1311 3996 1485 4050 Senat
1538 3998 1623 4051 als
1667 3997 2046 4051 Kommissare
2098 3996 2429 4067 abgesandt.
2502 3998 2511 4065 Ι
2579 4002 2627 4050 5.
2675 3997 2749 4051 ita

401 4066 710 4134 promptius
754 4062 1073 4134 <Verg1ei0h
1119 4067 1236 4119 und
1281 4066 1619 4139 Steigerung
1672 4068 1809 4122 kurz
1860 4068 2203 4136 verbunden)
2243 4094 2310 4113 =
2349 4069 2432 4122 ita
2477 4084 2544 4122 ac
2588 4067 2748 4120 multo

405 4138 569 4190 etiam
599 4137 932 4204 promptim,
979 4135 1085 4190 wie
1123 4151 1182 4189 es
1227 4137 1506 4191 klassisch
1543 4137 1692 4193 wohl
1728 4139 1947 4193 heissen
1982 4138 2172 4192 wfirde
2217 4138 2366 4191 nach
2402 4137 2514 4192 cic.
2554 4138 2625 4191 de
2661 4135 2745 4191 off.

409 4212 435 4256 1
452 4248 466 4271 ‚
495 4211 564 4257 44
579 4249 592 4272 ,
623 4211 725 4257 157
763 4212 922 4272 atque
956 4212 1021 4259 ut
1054 4208 1245 4274 apium
1280 4210 1539 4262 eoeamina
1574 4226 1688 4263 ‘nou
1721 4210 2101 4279 fiuyendorum
2136 4211 2390 4275 favorum
2426 4225 2596 4262 eausa
2630 4224 2747 4262 eou-

405 4281 720 4343 9re9antur,
755 4275 864 4339 sed,
900 4291 1021 4328 eum
1048 4279 1450 4346 eonyreyabilia
1479 4285 1687 4332 natura
1714 4281 1841 4347 sint,
1868 4281 2087 4349 fimyunt
2112 4281 2285 4346 favos,
2316 4280 2396 4332 sic
2421 4279 2662 4332 homiues
2688 4294 2747 4332 ae

407 4345 577 4395 multo
597 4344 760 4396 etiam
777 4346 951 4412 mayis
968 4351 1175 4398 natura
1194 4349 1504 4416 eouyreyati
1529 4350 1788 4404 adhiberit
1816 4350 2018 4419 aye‘ndi
2033 4350 2415 4418 eoyitaudique
2440 4349 2744 4402 sollertiam.
