3075 4800
1044 251 1260 305 LIBER
1295 251 1410 305 XII.
1468 251 1623 306 CAP.
1663 257 1888 305 24-28.
2558 251 2644 315 49

293 414 498 480 fuisse
545 414 829 479 indolem
873 414 1117 498 ferunt,
1173 414 1306 478 sive
1353 435 1602 497 verum,
1658 436 1771 479 seu
1815 414 2118 498 periculis
2163 415 2646 478 commendatus

290 503 564 568 retinuit
608 503 845 567 famam
893 503 1031 565 sine
1078 503 1533 586 experimento.

476 590 601 655 Sed
655 590 1045 677 Agrippina,
1109 612 1237 675 quo
1292 592 1424 655 vim
1480 613 1662 655 suam
1719 592 1908 656 sociis
1965 612 2220 675 quoque
2275 591 2645 655 nationibus
2665 593 2747 656 27

296 683 667 763 ostentaret,
713 681 778 742 in
828 680 1137 763 oppidum
1173 679 1511 763 Ubiorum,
1560 680 1628 742 in
1673 700 1801 763 quo
1848 681 2067 765 genita
2112 684 2265 762 erat,
2311 684 2643 744 veteranos

287 768 742 852 coloniamque
797 768 1026 832 deduci
1082 769 1412 852 impetrat,
1467 769 1572 832 cui
1626 788 1863 831 nomen
1919 768 2195 832 inditum
2252 790 2286 831 e
2332 768 2644 847 vocabulo

294 859 565 1009 ipsius.A
588 877 663 957 ac
696 856 865 957 forte
903 856 1235 1008 acggderat,
1270 859 1346 958 ut
1383 878 1523 1008 earzi
1560 859 1819 942 gentem
1847 855 2148 920 Rhenum
2185 860 2645 942 transgressam

301 968 459 1010 avus
648 968 670 1007 1
762 967 800 1007 a
844 967 912 1008 in
1048 966 1149 1008 em
1196 965 1329 1009 acci
1376 967 1480 1009 ere
1516 996 1527 1007 .
2666 974 2692 1014 5

470 967 1137 1117 Isdffirmpzemporibus
1194 1034 1263 1096 in
1317 968 1643 1116 sliiperiore
1703 1031 2044 1097 Germania
2097 1033 2487 1117 trepidatum
2545 1032 2648 1095 ad·

296 1125 495 1186 ventu
561 1120 945 1186 Chattorum
1008 1122 1348 1185 latrocinia
1409 1122 1813 1207 agitantium.
1923 1121 2073 1184 dein
2134 1121 2203 1185 P.
2250 1121 2647 1204 Pomponius

295 1210 549 1296 legatus
606 1210 948 1274 auxiliares
994 1209 1367 1296 Vangionas
1415 1231 1488 1274 ac
1531 1209 1857 1293 Nemetas,
1904 1208 2121 1274 addito
2169 1211 2384 1294 equite
2431 1209 2648 1291 alari0,

287 1300 558 1377 inmisit,
608 1300 888 1362 monitos
935 1303 1010 1363 ut
1056 1299 1374 1362 anteirent
1418 1298 1833 1383 populatores
1878 1298 1983 1361 vel
2028 1298 2290 1382 dilapsis
2337 1299 2648 1382 inprovisi

291 1388 975 1451 circumfimderentur.
1049 1390 1115 1451 et
1152 1391 1370 1451 secuta
1404 1387 1747 1452 consilium
1783 1387 1962 1451 ducis
2000 1387 2315 1451 industria
2350 1387 2648 1470 militum,
2670 1419 2720 1455 10

298 1475 614 1559 divisique
669 1476 737 1540 in
794 1476 921 1539 duo
977 1476 1261 1561 agmina,
1326 1476 1438 1559 qui
1492 1475 1747 1540 laevum
1804 1477 1928 1539 iter
1979 1476 2367 1559 petiverant,
2431 1496 2649 1539 recens

294 1586 584 1629 reversos
637 1565 999 1648 praedaque
1053 1586 1169 1648 per
1222 1564 1449 1628 luxum
1504 1586 1656 1629 usos
1713 1568 1777 1628 et
1833 1584 2058 1628 somno
2114 1585 2340 1650 graves
2386 1564 2650 1628 circum-

295 1674 541 1718 venere.
634 1658 821 1717 aucta
865 1653 1131 1736 laetitia,
1178 1653 1351 1736 quod
1397 1653 1707 1736 quosdam
1755 1675 1788 1716 ε
1835 1652 2012 1716 clade
2058 1651 2339 1716 Variana
2385 1652 2650 1736 quadra-

302 1743 664 1827 gensimum
711 1745 862 1825 post
907 1764 1145 1805 annum
1192 1742 1455 1806 servitio
1502 1744 1885 1805 exemerant.

476 1829 566 1894 At
631 1832 743 1914 qui
810 1830 1050 1894 dextris
1116 1834 1181 1893 et
1235 1830 1648 1914 propioribus
1703 1830 2099 1913 compendiis
2156 1830 2390 1912 ierant,
2457 1830 2648 1893 obvio
2670 1833 2754 1896 28

294 1917 472 1982 hosti
536 1922 602 1982 et
665 1919 864 1982 aciem
936 1940 1089 1983 auso
1154 1919 1302 2003 plus
1357 1919 1556 1983 cladis
1611 1919 1884 2002 faciunt,
1947 1921 2013 1982 et
2065 1918 2300 2002 praeda
2353 1918 2650 2000 famaque

298 2007 520 2070 onusti
575 2005 655 2069 ad
709 2010 994 2069 montem
1049 2006 1343 2071 Taunum
1398 2011 1835 2089 revertuntur,
1891 2006 2003 2068 ubi
2054 2005 2450 2089 Pomponius
2504 2027 2650 2069 cum

295 2093 665 2179 legionibus
731 2095 1206 2179 opperiebatur,
1272 2097 1327 2160 si
1384 2095 1606 2159 Chatti
1669 2094 1967 2178 cupidine
2031 2093 2380 2157 ulciscendi
2435 2113 2651 2157 casum

296 2204 552 2267 pugnae
589 2182 984 2265 praeberent.
1068 2184 1165 2247 illi
1201 2188 1398 2267 metu,
1442 2206 1523 2247 ne
1561 2183 1714 2247 hinc
1750 2182 2098 2264 Romanus,
2145 2181 2291 2243 inde
2331 2179 2653 2263 Cherusci,
2671 2211 2696 2250 5

296 2292 445 2334 cum
503 2272 646 2354 quis
703 2275 1032 2335 aeternum
1089 2273 1481 2355 discordant,
1538 2271 2226 2357 circumgrederentur,
2281 2270 2529 2355 legatos
2587 2270 2654 2332 in

478 2500 577 2555 27.
616 2506 664 2555 2.
704 2501 969 2570 oppidum
1016 2501 1287 2555 Ubiorum
1321 2500 1399 2555 ist
1434 2500 1598 2555 Koln.
1651 2502 1659 2571 Ι
1711 2507 1760 2554 3.
1802 2488 1953 2553 Uber
1988 2500 2280 2567 impetrare
2314 2496 2420 2550 mit
2454 2496 2651 2552 Accus.

296 2587 344 2625 c.
382 2571 482 2626 inf.
521 2588 565 2625 s.
602 2570 748 2625 Einl.
788 2577 819 2638 ξ
848 2577 933 2625 80.
986 2571 995 2641 Ι
1043 2573 1367 2626 vocabulum
1411 2589 1519 2625 von
1555 2571 1945 2641 Eigennamen
1992 2569 2187 2638 haufig
2221 2567 2316 2622 bei
2352 2567 2483 2622 Tac.
2524 2567 2652 2638 (vgl.

298 2659 344 2694 z.
375 2642 436 2695 B.
475 2641 580 2710 ΚΡ.
612 2647 697 2696 62.
729 2647 823 2708 663
878 2647 962 2709 13,
995 2647 1089 2708 123
1130 2647 1215 2710 14,
1247 2645 1335 2711 15)
1389 2642 1537 2696 nach
1593 2642 1722 2695 dem
1778 2642 2045 2711 Vorgang
2100 2640 2198 2694 des
2255 2637 2469 2693 Sallust
2520 2639 2654 2693 hist.

299 2719 351 2780 2,
381 2717 416 2764 4
443 2712 556 2779 Kr.‚
596 2718 627 2763 2
657 2712 721 2765 D.
798 2712 1011 2766 Sardus
1049 2712 1371 2766 Sardiniam
1426 2714 1711 2780 occupavit
1765 2719 1816 2766 et
1872 2730 1939 2766 ex
1992 2728 2090 2766 suo
2135 2711 2395 2765 vocabulo
2440 2711 2656 2764 insulae

301 2798 500 2835 nomen
537 2783 701 2835 dedit.
774 2780 1136 2834 Vorbereitet
1170 2780 1248 2834 ist
1284 2781 1468 2835 dieser
1503 2781 1801 2835 Gebrauch
1839 2782 1936 2834 des
1971 2781 2197 2836 Wortes
2232 2780 2441 2834 bereits
2480 2780 2655 2834 durch

301 2850 416 2905 Cic.
448 2852 518 2904 de
546 2849 658 2903 div.
691 2856 719 2901 1
751 2857 781 2915 ξ
801 2857 833 2902 2
869 2851 1141 2904 Chaldaei
1172 2867 1288 2905 non
1323 2869 1391 2905 ex
1427 2855 1583 2918 artis,
1619 2854 1712 2906 sed
1747 2868 1814 2905 ex
1848 2853 2024 2919 yentis
2049 2853 2308 2905 vocabulo
2333 2851 2649 2922 nominati!

303 2927 352 2975 7.
401 2919 508 2973 Die
556 2920 798 2975 Chatten
863 2919 1128 2973 wohnten
1180 2919 1260 2973 im
1312 2921 1586 2990 heutigen
1627 2921 1859 2975 Hessen.
1916 2952 1984 2959 —
2038 2920 2098 2974 P.
2137 2921 2272 2974 Pom
2313 2922 2499 2991 onius,
2557 2922 2656 2975 der

297 3008 433 3046 vom
469 2991 519 3045 J.
551 2996 616 3043 31
655 2989 746 3043 bis
784 2996 850 3043 37
905 3005 990 3043 we
1033 3006 1102 3043 en
1158 2990 1341 3044 seiner
1368 2990 1940 3045 -Freundschaft,mit
1976 2990 2145 3060 Sejan
2191 3007 2260 3060 ge
2289 3009 2470 3062 angen
2523 2993 2654 3060 safs,

297 3064 464 3132 ,hatte
501 3060 824 3130 Tragodien
861 3008 1244 3130 gescfirieben.
1297 3061 1424 3132 vgl.
1457 3067 1540 3130 11,
1574 3068 1637 3115 13
1677 3063 1727 3116 is
1762 3064 2013 3116 carmina
2048 3079 2272 3116 scaenae
2309 3065 2495 3130 dabat,
2552 3070 2600 3129 ὅ,
2621 3069 2652 3117 8

297 3135 477 3188 'niulta
504 3149 715 3187 morum
742 3133 1013 3202 eleyantia
1040 3138 1091 3187 et
1116 3135 1335 3203 inqenio
1364 3134 1606 3188 inlustri.
1631 3134 1637 3205 Ι
1663 3138 1712 3188 8.
1742 3132 1848 3187 Die
1869 3131 2203 3202 Vangionen
2230 3134 2346 3185 und
2372 3133 2654 3202 Nemeter‚

300 3203 598 3259 suebische
636 3203 908 3270 Stamme‚
955 3203 1219 3257 wohnten
1268 3203 1329 3257 in
1376 3205 1476 3258 der
1518 3203 1788 3274 heutigen
1827 3203 2178 3273 Rheinpfalz.
2217 3236 2288 3244 ——
2323 3203 2656 3259 Accusative

288 3275 410 3329 'mit
446 3275 546 3329 der
573 3274 820 3343 Endung
855 3291 919 3329 as
955 3276 1098 3328 statt
1134 3292 1187 3329 es
1222 3275 1407 3329 bildet
1441 3275 1688 3345 Tacitus,
1725 3274 1834 3329 wie
1861 3275 2066 3329 Caesar
2101 3275 2218 3328 und
2244 3274 2453 3344 Livius,
2482 3275 2653 3331 oster:

301 3348 636 3417 Briqantas,
674 3345 914 3413 Silia-as,
968 3345 1286 3414 Ordouicas,
1334 3347 1648 3417 Linyonas‚
1688 3347 1833 3400 auch
1868 3349 2112 3401 rhetoras
2147 3346 2282 3400 dial.
2312 3352 2379 3400 35
2418 3346 2653 3417 (Sirkere

301 3416 694 3470 Formenlehre
739 3434 791 3485 p.
825 3421 891 3469 18
918 3416 982 3488 ,Ἰ
1025 3422 1107 3471 11.
1155 3419 1422 3488 divisique
1467 3420 1565 3487 qui
1579 3459 1594 3486 ,
1639 3416 1935 3487 Appositio
1983 3416 2361 3472 distributiva.
2437 3418 2517 3472 At
2562 3420 2658 3486 qui

299 3487 426 3557 (Kp.
458 3489 550 3555 28)
586 3486 737 3556 folgt
773 3503 883 3540 ana
926 3485 1225 3543 oluthisch.
1260 3493 1267 3555 Ι
1298 3506 1479 3543 recens
1513 3506 1766 3557 rever803‚
1806 3506 1846 3542 s.
1888 3506 1955 3540 zu
1994 3494 2079 3556 11,
2108 3493 2195 3556 25,
2226 3493 2308 3541 12.

331 3594 337 3598 -
489 3557 588 3612 28.
627 3563 676 3612 2.
732 3557 797 3611 In
835 3559 1052 3626 praeda
1095 3559 1354 3628 famaque
1389 3562 1575 3614 onusti
1610 3558 1755 3628 liegt
1789 3558 1883 3612 ein
1919 3558 2211 3612 'ahnliches
2249 3558 2495 3627 Zeugma
2551 3559 2657 3613 wie

305 3626 491 3682 Germ.
522 3634 551 3680 7
591 3629 737 3682 cibos
771 3635 822 3682 et
856 3630 1170 3684 hortamina
1204 3636 1430 3700 qestant.
1479 3632 1488 3697 Ι
1537 3635 1588 3683 4.
1626 3632 1677 3684 si
1715 3629 1810 3682 ‘ob
1848 3632 2012 3696 etwa,
2050 3627 2142 3680 fiir
2179 3629 2289 3681 den
2323 3628 2449 3682 Fall
2487 3629 2654 3699 dass’,

302 3696 412 3750 wie
446 3703 500 3762 4,
527 3703 595 3751 49
634 3701 926 3753 exercitum
952 3701 1203 3765 ostendit,
1229 3702 1280 3754 si
1309 3701 1533 3754 barbari
1553 3700 1827 3768 proelium
1852 3700 2133 3764 auderent,
2172 3705 2220 3768 1,
2249 3704 2317 3753 48
2346 3700 2461 3753 und
2492 3700 2654 3755 oster.

305 3767 379 3822 So
433 3767 801 3822 bekanntlich
858 3769 1030 3823 schon
1081 3769 1175 3824 bei
1220 3770 1577 3838 Klassikern,
1618 3788 1661 3823 z.
1691 3769 1753 3823 B.
1793 3768 1948 3823 Caes.
1978 3769 2039 3824 Β.
2072 3768 2135 3823 G.
2167 3775 2216 3838 2,
2247 3776 2297 3838 9,
2329 3777 2357 3823 1
2415 3773 2556 3827 hanc
2606 3774 2657 3827 si

293 3840 481 3894 -nostri
516 3841 832 3907 transirent,
868 3842 1039 3895 hostes
1075 3843 1471 3910 exspectabant.
1529 3841 1537 3912 Ι
1604 3842 1903 3895 ulciscendi
1939 3840 2085 3893 ohne
2123 3840 2229 3911 obj
2236 3841 2359 3910 ekt,
2397 3842 2503 3897 wie
2542 3843 2652 3899 Cic.

301 3928 355 3979 p.
397 3909 579 3964 Sestio
620 3915 704 3978 12,
734 3916 801 3964 28
838 3913 1042 3965 venisse
1078 3919 1286 3980 tempus
1319 3912 1623 3967 ulciscendi
1657 3915 1763 3982 (wo
1800 3928 1932 3965 man
1967 3911 2269 3967 falschlich
2305 3930 2360 3968 se
2396 3913 2533 3969 oder
2566 3917 2658 3968 sui

302 3979 675 4051 hinzugeffigt
709 3981 847 4050 hat).
882 3985 890 4051 Ι
922 3998 1110 4037 casum
1146 3985 1291 4038 statt
1324 3986 1682 4050 occasionem,
1721 3983 1865 4036 auch
1899 3983 2005 4052 ΚΡ.
2036 3989 2103 4038 50
2141 3985 2260 4038 und
2296 3984 2466 4052 efter,
2520 3985 2657 4039 aber

306 4053 423 4105 erst
456 4051 519 4104 in
555 4051 665 4105 den
702 4052 976 4120 Annalen,
1017 4071 1057 4107 s.
1099 4061 1148 4122 1,
1180 4059 1263 4123 13,
1293 4060 1325 4108 9
1363 4056 1413 4110 si
1447 4071 1608 4109 casus
1644 4056 1885 4109 daretur.
1980 4062 2028 4109 6.
2067 4073 2190 4110 cum
2226 4058 2350 4125 quis
2384 4055 2488 4109 hat
2523 4054 2652 4108 Tac.

302 4139 411 4175 nur
446 4121 585 4190 hier,
626 4124 785 4176 sonst
819 4140 943 4177 cum
1052 4126 1187 4179 ibus.
1240 4126 1248 4197 Ι
1298 4133 1578 4181 aeternum
1616 4124 1699 4178 als
1737 4058 1959 4179 Adverb
1997 4144 2104 4179 nur
2137 4126 2283 4180 noch
2323 4131 2371 4193 3,
2403 4131 2470 4178 26
2508 4125 2654 4176 nach

304 4193 435 4246 dem
487 4192 758 4263 Vorgang
813 4193 985 4264 Vergi
1011 4212 1035 4247 s
1091 4195 1249 4264 (Aen.
1282 4202 1365 4263 11,
1396 4201 1607 4250 97—98
1662 4197 1806 4251 salve
1870 4204 2149 4251 aeternum
2203 4197 2362 4263 mihi,
2420 4196 2655 4247 maxime

305 4265 490 4331 Palla,
527 4271 906 4333 aeternumque
942 4266 1100 4335 vale.)
1132 4271 1140 4333 Ι
1183 4265 1288 4320 Βίε
1326 4266 1653 4333 Cherusker‚
1692 4266 1869 4319 durch
1906 4268 2012 4320 den
2051 4266 2197 4319 Harz
2235 4263 2510 4333 (Bacenis)
2547 4278 2655 4313 von

295 4335 438 4457 ,(1ῧὲ
445 4333 687 4458 Cssatten
725 4337 1003 4404 getrennt,
1032 4341 1256 4389 mfissen
1291 4335 1413 4389 ihre
1440 4337 1635 4390 Macht
1663 4352 1845 4406 gegen
1873 4336 1975 4388 das
2003 4336 2035 4388 J
2040 4337 2142 4388 ahr
2171 4340 2239 4387 90
2277 4334 2385 4385 den
2415 4331 2656 4384 Chatten

294 4421 343 4456 -a
440 4421 470 4458 e
530 4423 584 4459 n.

1920 4451 1941 4470 s

413 4503 519 4543 Tac.
548 4503 717 4545 Annal.
749 4506 809 4544 11.
842 4506 921 4557 iss.
2200 4494 2232 4537 4
