3075 4800
1007 250 1227 305 LIBER
1260 250 1403 306 XVI.
1480 249 1634 305 CAP.
1665 256 1856 306 9-12.
2502 249 2625 313 111

271 412 623 497 Neapolim
670 415 899 500 pergit.
992 416 1057 477 et
1112 414 1264 496 quia
1317 412 1498 478 aditu
1543 411 1823 477 Neronis
1876 411 2368 495 prohibebatur,
2422 433 2630 498 egres-
2660 437 2711 478 15

276 523 389 566 sus
446 502 771 586 obsidens,
826 502 1076 567 audiret
1131 504 1453 567 insontem
1505 522 1669 565 neve
1723 500 2095 565 consulatus
2151 501 2252 565 sui
2307 500 2631 584 quondam

276 590 594 677 collegam
661 590 917 655 dederet
979 590 1214 654 liberto
1228 641 1246 674 ,
1319 590 1511 654 modo
1577 589 1877 653 muliebri
1940 589 2213 673 eiulatu,
2286 588 2630 673 aliquando

277 700 506 743 sexum
555 700 809 765 egressa
830 700 1009 744 ‘voce
1053 679 1306 743 infensa
1351 678 1752 762 clamitabat,
1806 677 2009 742 donec
2061 677 2359 761 princeps
2406 677 2632 742 immo-

276 767 477 832 bilem
525 789 593 832 se
637 769 934 851 precibus
980 772 1045 832 et
1091 767 1369 831 invidiae
1415 767 1598 830 iuxta
1644 765 1945 831 ostendit.

456 855 636 942 Ergo
680 856 942 921 nuntiat
986 856 1159 939 patri
1205 855 1453 920 abicere
1500 876 1681 938 spem
1728 857 1793 918 et
1838 853 1937 917 uti
1981 852 2385 917 necessitate:
2437 854 2632 919 simul
2654 855 2733 918 11

275 944 567 1009 adfertur
603 946 820 1028 parari
856 944 1295 1030 cognitionem
1342 946 1601 1008 senatus
1649 947 1713 1007 et
1749 947 1998 1007 trucem
2036 941 2436 1005 sententiam.
2514 964 2632 1006 nec

274 1033 553 1117 defuere,
601 1034 713 1116 qui
758 1035 1094 1097 monerent
1138 1052 1375 1116 magna
1419 1054 1499 1096 ex
1532 1035 1717 1115 parte
1756 1031 2056 1095 heredem
2096 1028 2428 1094 Gaesarem
2472 1052 2632 1093 nun-

202 1203 203 1206 ,
276 1142 512 1203 cupare
570 1124 762 1204 atque
806 1121 900 1184 ita
944 1120 1291 1203 nepotibus
1338 1119 1415 1183 de
1460 1120 1712 1204 reliquo
1760 1120 2106 1184 consulere.
2199 1118 2370 1201 quod
2423 1139 2634 1201 asper-

274 1211 496 1292 natus,
549 1229 630 1272 ne
677 1209 877 1272 vitam
931 1208 1225 1292 proxime
1278 1208 1647 1273 libertatem
1701 1212 1911 1273 actam
1964 1206 2318 1272 novissimo
2365 1206 2629 1271 servitio
2685 1233 2711 1273 5

276 1295 593 1379 foedaret,
646 1296 922 1381 largitur
975 1297 1045 1360 in
1100 1318 1343 1381 servos,
1388 1300 1717 1381 'quantum
1773 1296 1992 1361 aderat
2054 1295 2389 1380 pecuniae3
2454 1300 2518 1360 et
2576 1295 2633 1358 si

278 1405 410 1467 qua
453 1385 771 1468 asportari
814 1388 1099 1469 possent,
1144 1385 1271 1450 sibi
1308 1406 1626 1469 quemque
1665 1385 1993 1469 deducere,
2038 1384 2159 1448 tris
2196 1383 2389 1447 modo
2434 1383 2632 1448 lectu-

276 1472 378 1536 los
425 1473 505 1536 ad
552 1494 851 1556 suprema
894 1474 1158 1538 retineri
1205 1473 1400 1539 iubet.
1473 1477 1630 1538 tunc
1671 1473 1896 1538 eodem
1941 1474 2011 1536 in
2047 1472 2362 1555 cubicu10,
2407 1471 2631 1536 eodem

276 1560 450 1625 ferro
487 1561 874 1626 abscindunt
909 1583 1120 1646 venas,
1166 1562 1553 1646 properique
1589 1563 1656 1626 et
1701 1561 1974 1647 singulis
2010 1561 2297 1626 vestibus
2344 1560 2427 1624 ad
2460 1582 2634 1625 vere-

277 1648 578 1713 cundiam
623 1648 818 1714 velati
862 1650 1134 1715 balineis
1189 1651 1581 1736 inferuntur,
1633 1654 1820 1735 pater
1871 1649 2100 1734 filiam,
2157 1649 2299 1714 avia
2351 1653 2630 1734 neptem,
2659 1675 2712 1715 ιο

277 1737 394 1801 illa
454 1742 764 1823 utrosque
826 1738 1111 1823 intuens,
1184 1743 1250 1803 et
1313 1740 1609 1804 certatim
1673 1744 2007 1823 precantes
2070 1737 2317 1802 labenti
2380 1738 2631 1803 animae

278 1825 548 1891 celerem
594 1827 868 1911 exitum,
922 1832 997 1891 ut
1041 1827 1479 1912 relinquerent
1524 1849 1675 1892 suos
1721 1827 2099 1912 superstites
2154 1830 2219 1890 et
2263 1826 2631 1891 morituros.

278 1915 684 1998 servavitque
730 1915 1018 1979 ordinem
1063 1916 1341 1999 fortuna,
1386 1937 1460 1980 ac
1505 1917 1787 1980 seniores
1832 1916 2032 1998 prius,
2076 1918 2235 1998 tum,
2282 1914 2385 1979 cui
2419 1914 2632 1998 prima

279 2005 473 2086 aetas,
519 2003 1002 2087 extinguuntur.
1078 2005 1357 2068 accusati
1401 2006 1551 2087 post
1599 2003 1995 2086 sepulturam
2041 2002 2512 2085 decretumque,
2558 2005 2632 2065 ut

277 2110 458 2153 more
511 2091 828 2155 maiorum
881 2091 1291 2176 punirentur,
1356 2094 1420 2154 et
1472 2090 1649 2156 Nero
1705 2090 2095 2173 intercessit,
2157 2093 2434 2154 mortem
2493 2091 2630 2154 sine
2660 2116 2711 2157 15

280 2177 524 2243 arbitro
570 2178 977 2262 permittens:
1033 2201 1109 2244 ea
1161 2179 1464 2245 caedibus
1516 2179 1796 2263 peractis
1848 2178 2131 2243 ludibria
2174 2178 2629 2243 adiciebantur.

456 2265 525 2331 P.
577 2265 800 2332 Gallus
855 2289 1049 2352 eques
1094 2267 1452 2352 Romanus,
1507 2268 1683 2352 quod
1726 2266 1966 2332 Faenio
2011 2266 2185 2330 Rufo
2241 2266 2510 2332 intimus
2565 2271 2629 2331 et
2656 2268 2736 2331 12

278 2353 503 2419 Veteri
565 2377 696 2420 non
760 2355 1006 2421 alienus
1069 2356 1306 2444 fuerat,
1379 2379 1547 2442 aqua
1614 2360 1807 2442 atque
1871 2356 2010 2442 igni
2081 2355 2450 2440 prohibitus
2514 2360 2629 2421 est.

277 2443 513 2508 liberto
570 2448 636 2509 et
689 2445 1042 2511 accusatori
1097 2446 1455 2529 praemium
1511 2468 1743 2531 operae
1795 2446 1977 2510 locus
2031 2445 2100 2509 in
2152 2444 2405 2510 theatro
2461 2445 2632 2509 inter

279 2532 558 2597 viatores
604 2533 987 2599 tribunicios
1033 2535 1237 2603 datur.
1316 2539 1382 2600 et
1426 2556 1697 2619 menses,
1743 2534 1855 2619 qui
1890 2532 2185 2618 Aprilem
2233 2533 2630 2618 eundemque

276 2619 650 2686 Neroneum
698 2623 1145 2707 sequebantur,
1190 2623 1402 2688 Maius
1450 2622 1720 2708 Claudii,
1765 2621 1991 2687 Iunius
2039 2621 2401 2687 Germanici
2445 2644 2629 2687 voca-
2684 2647 2709 2688 5

277 2708 450 2772 bulis
504 2713 863 2795 mutantur,
919 2711 1304 2775 testificante
1352 2710 1651 2776 Cornelio
1700 2709 1906 2775 Orfito
1916 2761 1934 2795 ,
1989 2711 2102 2793 qui
2157 2710 2225 2773 id
2279 2714 2629 2793 censuerat,

459 2922 541 2970 17.
588 2917 746 2971 modo
773 2947 841 2956 --
871 2917 1200 2986 aliquando,
1248 2935 1289 2973 3.
1328 2934 1396 2970 211
1436 2923 1529 2986 11,
1570 2923 1667 2985 34,
1704 2923 1753 2971 2.
1814 2922 1822 2984 Ι
1885 2921 1967 2971 19.
2015 2918 2235 2972 invidia
2274 2917 2629 2988 ‘Vorwflrfe’,

278 2986 387 3056 vgl.
428 2992 460 3039 3
473 3030 486 3054 ‚
526 2991 594 3039 67
632 2987 904 3042 irwidiam
939 2993 990 3042 et
1017 3004 1202 3055 preces
1235 2988 1544 3054 miscuerat,
1584 2993 1644 3056 4,
1683 2992 1751 3040 53
1789 2988 2062 3041 invidiam
2097 2995 2148 3044 et
2174 3005 2361 3056 preces
2396 2989 2626 3044 orditur.

459 3055 557 3110 11.
608 3061 653 3111 1.
692 3057 953 3112 nuntiare
988 3056 1096 3111 mit
1121 3056 1360 3111 blossem
1386 3057 1634 3112 Infinitiv
1668 3056 1775 3112 wie
1807 3063 1890 3126 11,
1921 3063 1988 3111 37
2019 3060 2412 3128 denuntiatque
2441 3091 2507 3099 —
2538 3076 2627 3115 ex-

279 3127 430 3196 sequi
455 3126 682 3182 eaedem.
734 3131 743 3197 Ι
792 3132 841 3181 4.
881 3128 1183 3196 nepotibus,
1221 3128 1330 3182 den
1357 3127 1610 3182 Kindern
1637 3128 1736 3183 des
1763 3128 2058 3183 Rubellius
2085 3130 2335 3183 Plautus.
2385 3131 2393 3202 Ι
2445 3135 2493 3184 5.
2531 3147 2627 3186 no-

279 3199 497 3253 vissimo
531 3198 750 3253 servitio
790 3197 1026 3252 ‘zuletzt
1062 3199 1239 3252 durch
1275 3198 1442 3253 einen
1479 3197 1834 3254 sklavischen
1868 3199 2036 3269 Akt’,
2072 3199 2181 3255 wie
2221 3206 2284 3254 11
2299 3245 2312 3269 ‚
2343 3207 2375 3255 3
2411 3207 2629 3257 tantum

279 3269 368 3325 illi
408 3270 717 3324 securitatis
758 3270 1085 3324 novissimae
1127 3271 1257 3337 fuit.
1318 3271 1326 3339 Ι
1385 3276 1434 3324 6.
1472 3269 1580 3324 1)10
1614 3271 1843 3339 Prapos
1882 3272 1946 3324 in
1990 3270 2320 3326 bezeichnet
2362 3271 2454 3326 die
2491 3272 2628 3326 Ver—

278 3339 514 3409 teilung,
549 3338 657 3393 wie
695 3346 744 3408 2,
774 3345 806 3393 8
844 3341 1154 3395 distributis
1188 3342 1252 3394 in
1289 3341 1522 3411 leyiones
1559 3358 1625 3396 ac
1659 3342 1830 3396 socios
1864 3343 2117 3410 navibus,
2155 3360 2196 3397 s.
2236 3360 2305 3395 zu
2336 3349 2384 3411 1,
2414 3347 2499 3411 55,
2528 3350 2577 3398 4.

279 3398 557 3480 Ubrigens
586 3410 955 3465 verschenkte
984 3427 1044 3465 er
1072 3410 1308 3465 deshalb
1341 3411 1497 3479 aues,
1524 3410 1656 3466 weil
1684 3410 1776 3466 die
1803 3411 2196 3467 Konfiskation
2222 3413 2577 3468 bevorstand.

281 3487 328 3535 9.
358 3482 701 3604 properique,
736 3480 1122 3550 pradikatives
1151 3481 1421 3551 Adjektiv
1458 3483 1602 3536 statt
1638 3481 1791 3536 eines
1823 3483 2094 3551 Adverbs,
2129 3482 2236 3537 wie
2265 3489 2314 3549 6,
2345 3490 2414 3538 44
2443 3502 2547 3553 per
2582 3486 2628 3539 it

273 3569 558 3620 properus,
637 3551 724 3605 ‘st.
756 3557 804 3618 3,
833 3557 902 3605 47
939 3553 1154 3607 subitus
1188 3553 1419 3622 inrupit.
1487 3551 1540 3606 S.
1571 3551 1717 3606 Einl.
1756 3559 1787 3618 g
1815 3559 1863 3608 6.
1924 3556 1934 3623 Ι
1994 3560 2076 3607 12.
2115 3571 2257 3609 suos.
2321 3554 2496 3609 Nicht
2571 3554 2625 3609 ie

281 3621 491 3675 Kinder
536 3622 635 3675 der
678 3620 916 3676 Pollitta
960 3620 1086 3675 sind
1132 3621 1405 3692 gemeint,
1461 3623 1704 3677 sondern
1751 3622 1917 3693 ‚ieder
1966 3623 2065 3678 der
2109 3624 2232 3678 drei
2277 3624 2626 3680 Sterbenden

281 3691 535 3745 wiinscht
569 3692 753 3745 zuerst
788 3709 859 3745 zu
895 3692 1076 3747 enden
1119 3694 1237 3746 und
1282 3711 1342 3748 so
1389 3692 1481 3747 die
1528 3692 1666 3747 zwei
1711 3694 1925 3748 andern
1970 3712 2040 3748 211
2083 3694 2485 3765 hinterlassen,
2533 3695 2624 3751 die

284 3762 434 3816 dann
469 3760 690 3815 freilich
738 3762 883 3815 auch
920 3763 1146 3817 sterben
1182 3762 1384 3833 3011011,
1430 3781 1527 3817 11111
1574 3764 1826 3819 dadurch
1871 3765 1970 3819 der
2016 3765 2262 3834 schimpf
2265 3765 2452 3821 lichen
2487 3766 2626 3820 Hin-

281 3832 545 3903 richtung
590 3850 658 3886 zu
704 3833 999 3903 entgehen.
1060 3833 1069 3906 Ι
1132 3839 1212 3889 15.
1260 3852 1403 3891 more
1437 3836 1736 3902 maiorum,
1782 3835 1958 3889 durch
1996 3835 2292 3907 Staupung
2336 3838 2451 3891 und
2488 3837 2625 3891 Ent-

280 3904 590 3985 hauptung.
642 3904 651 3974 Ι
710 3902 864 3957 Statt
898 3911 948 3958 et
983 3904 1133 3960 Nero
1171 3907 1313 3958 setzt
1348 3904 1518 3959 Halm
1554 3912 1614 3961 at
1650 3905 1816 3961 Nero.
1885 3907 1969 3960 ‘at
2003 3924 2115 3962 non
2153 3907 2359 3977 agitur,
2395 3911 2461 3962 ut
2496 3925 2624 3962 con·

280 3977 487 4029 tranae
507 3976 737 4028 senatus
757 3977 816 4028 et
830 3974 1069 4029 Neronis
1094 3974 1407 4030 sententiae
1426 3975 1575 4030 inter
1593 3992 1652 4030 se
1680 3980 2050 4046 opponantur,
2072 3978 2172 4033 sed
2191 3981 2257 4032 ut
2279 3978 2626 4048 significetur

282 4048 337 4100 et
355 4047 615 4100 senatum
633 4046 691 4098 et
708 4044 989 4099 Neronem
1006 4049 1186 4100 morte
1203 4045 1562 4100 dissimulata
1581 4046 1888 4101 ludibrium
1902 4048 2216 4104 adiecisse.’
2235 4049 2269 4102 J
2270 4049 2358 4101 oh.
2371 4046 2589 4100 MfiHer.
2612 4047 2620 4118 Ι

280 4118 394 4173 sine
430 4117 654 4172 arbitro,
719 4115 796 4168 Er
831 4116 1020 4171 wollte
1061 4116 1235 4171 ihnen
1281 4116 1399 4171 also
1446 4117 1557 4170 den
1593 4116 1952 4188 freiwilligen
1986 4118 2108 4174 Tod
2146 4119 2400 4186 (liberum
2435 4118 2625 4170 mortis

281 4187 593 4255 arbitrium)
632 4186 945 4256 gew’ahren.

460 4257 557 4312 12.
614 4263 663 4311 2.
694 4259 979 4325 prohibere
1013 4258 1105 4312 fiir
1140 4274 1320 4314 arcere
1358 4259 1492 4313 oder
1527 4260 1861 4315 interdicere.
1922 4261 1931 4328 1
1990 4260 2177 4313 liberto
2213 4264 2263 4313 et
2298 4259 2621 4310 accusatori.

281 4326 400 4380 Nur
445 4328 785 4384 Fortunatus
822 4327 946 4397 (ΚΡ.
990 4332 1078 4398 10)
1131 4328 1210 4382 ist
1262 4328 1525 4399 gemeint‚
1580 4328 1741 4383 nicht
1785 4329 2103 4383 Demianus.
2164 4330 2173 4397 Ι
2233 4333 2281 4380 6.
2335 4323 2622 4380 Cornelius

286 4396 487 4451 Orfitus
522 4413 640 4451 war
674 4398 753 4451 im
787 4398 836 4451 J.
870 4404 934 4452 51
973 4398 1079 4455 mit
1114 4399 1315 4455 Kaiser
1351 4399 1617 4455 Claudius
1654 4399 1870 4455 Konsul
1905 4413 2176 4469 gewesen.
