3075 4800
427 245 517 309 44
780 246 1129 302 CORNELII
1164 246 1406 302 TACITI
1440 247 1537 300 AB
1574 247 1896 303 EXCESSU
1931 246 2088 300 DIVI
2124 246 2443 301 AUGUSTI

431 408 500 472 in
543 424 839 493 regressu
885 408 1101 491 dispar
1145 407 1409 472 fortuna
1452 407 1606 491 fuit,
1653 408 1806 492 quia
1848 409 2110 474 navium
2158 409 2465 491 quasdam
2514 407 2795 497 (quippe

430 497 595 559 mari
641 493 1038 582 remeabant)
1086 496 1155 559 in
1199 496 1393 560 litora
1428 495 1788 561 Taurorum
1836 497 2077 563 delatas
2124 499 2596 563 circumvenere
2640 498 2797 562 bar·

364 610 413 652 15
433 584 595 668 bari,
638 584 963 667 praefecto
1011 584 1297 648 cohortis
1346 588 1409 648 et
1453 584 1778 669 plerisque
1824 585 2235 649 auxiliarium
2283 587 2654 651 interfectis.

330 675 411 738 18
611 671 866 736 Interea
938 672 1347 736 Mithridates
1419 673 1601 736 nullo
1676 675 1744 737 in
1817 674 2011 738 armis
2084 673 2371 738 subsidio
2447 674 2795 759 consultat,

436 760 617 825 cuius
672 760 1176 825 misericordiam
1235 761 1649 844 experiretur.
1740 761 1940 825 frater
1988 761 2215 845 Cotys,
2269 762 2564 846 proditor
2611 762 2792 847 olim,

435 849 662 913 deinde
719 848 953 932 hostis,
1016 848 1451 935 metuebatur3
1515 848 1958 913 Romanorum
2012 871 2203 914 nemo
2259 850 2326 914 id
2384 851 2792 916 auctoritatis

434 938 669 1021 aderat,
714 940 793 1000 ut
831 936 1150 1020 promissa
1196 938 1332 1001 eius
1377 938 1597 1023 magni
1641 938 2086 1022 penderentur.
2161 939 2241 1002 ad
2277 938 2596 1003 Eunonen
2640 960 2794 1004 con-

388 1054 412 1094 5
434 1025 657 1109 vertit,
713 1025 994 1109 propriis
1051 1025 1215 1089 odiis
1268 1046 1396 1091 nou
1440 1026 1763 1090 infensum
1812 1030 1878 1090 et
1923 1048 2141 1092 recens
2187 1027 2530 1092 coniuncta
2573 1027 2790 1093 nobis-

434 1135 580 1178 cum
646 1114 932 1177 amicitia
993 1113 1294 1177 validum.
1394 1114 1597 1199 igitur
1659 1114 1839 1179 cultu
1893 1115 2204 1200 vultuque
2261 1136 2454 1199 quam
2508 1116 2789 1180 maxime

435 1202 515 1266 ad
559 1204 961 1286 praesentem
1007 1201 1334 1266 fortunam
1381 1206 1752 1286 comparato
1798 1205 2043 1290 regiam
2090 1204 2448 1290 ingreditur
2493 1203 2792 1290 genibus·

433 1310 557 1374 que
623 1290 759 1355 eius
820 1289 1204 1373 provolutus
1260 1289 1713 1355 ‘Mithridates’-
1782 1293 1995 1375 inquit
2057 1292 2253 1356 ‘terra
2316 1292 2606 1375 marique
2660 1292 2789 1357 Ro-

433 1378 639 1442 manis
720 1399 837 1461 per
920 1381 1022 1442 tot
1103 1396 1304 1442 annos
1387 1380 1717 1462 quaesitus
1799 1383 2028 1463 sponte
2103 1380 2351 1445 adsum:
2433 1384 2642 1464 utere,
2712 1384 2792 1445 ut

363 1495 414 1534 ιο
434 1466 638 1550 voles,
692 1466 874 1550 prole
930 1467 1150 1552 magni
1195 1464 1650 1552 Achaemenis,
1707 1469 1880 1551 quod
1926 1467 2089 1531 mihi
2134 1469 2345 1533 solum
2390 1468 2610 1534 hostes
2654 1490 2790 1533 non

436 1554 878 1619 abstulerunt?
988 1548 1004 1563 '

327 1647 407 1709 19
608 1641 701 1706 At
754 1643 1059 1707 Eunones
1123 1643 1503 1708 claritudine
1567 1644 1717 1728 viri,
1780 1644 2136 1709 mutatione
2202 1667 2415 1709 rerum
2473 1649 2538 1710 et
2589 1667 2780 1730 prece

429 1728 602 1795 haud
667 1731 743 1794 de
792 1731 966 1795 eneri
1030 1736 1389 1817 permotus,
1456 1732 1710 1796 adlevat
1762 1732 2117 1816 supplicem
2171 1733 2544 1818 laudatque,
2610 1735 2785 1818 quod

432 1823 690 1904 gentem
743 1753 1100 1884 {orsorum
1111 1870 1129 1904 ,
1185 1821 1359 1904 quod
1415 1842 1595 1885 suam
1653 1820 1944 1885 dextram
1990 1823 2305 1905 petendae
2350 1823 2573 1886 veniae
2619 1822 2788 1887 dele-

432 1908 616 1993 gerit.
709 1907 903 1972 simul
957 1908 1206 1994 legatos
1253 1909 1630 1992 litterasque
1677 1909 1757 1972 ad
1806 1907 2147 1974 ansarem-
2189 1910 2258 1973 in
2301 1910 2474 1974 hunc
2518 1911 2785 1975 modum

387 2026 412 2064 5
432 1996 663 2060 mittit:
717 1996 944 2080 populi
989 1995 1267 2061 Romani
1314 1996 1837 2082 imperatoribus,
1884 2016 2262 2084 magnarum
2308 1998 2644 2063 nationum
2689 2021 2788 2062 re·-

433 2084 622 2170 gibus
694 2085 970 2168 primam
1046 2106 1122 2148 ex
1197 2084 1619 2149 similitudine
1689 2085 1986 2150 fortunae
2060 2087 2439 2171 amicitiam,
2520 2086 2644 2151 sibi
2717 2090 2788 2151 et

431 2171 698 2237 Claudio
747 2174 941 2237 etiam
988 2174 1503 2237 communionem
1551 2174 1859 2238 victoriae
1897 2182 2071 2239 esse.'
2131 2174 2449 2238 bellorum
2488 2175 2785 2261 egregios

429 2261 608 2345 fines,
664 2263 961 2345 quotiens
1016 2262 1406 2346 ignoscendo
1464 2263 1885 2348 transigatur:
1941 2263 2034 2327 sic
2088 2262 2342 2328 Zorsini
2398 2263 2570 2328 victo
2615 2261 2784 2328 nihil

431 2352 740 2434 ereptum.
831 2371 950 2434 pro
995 2349 1399 2435 Mithridate,
1454 2351 1710 2434 quando
1758 2351 2016 2438 gravius
2062 2355 2441 2437 mereretur,
2493 2373 2628 2417 non
2670 2373 2785 2437 po-

434 2638 516 2687 13.
557 2633 690 2716 quia
729 2633 1003 2688 ‘dadurch
1057 2633 1207 2702 dass,
1264 2634 1476 2691 indem’
1534 2636 1647 2706 vgl.
1682 2643 1767 2705 14,
1797 2642 1890 2706 223
1931 2642 2016 2706 16,
2046 2641 2113 2692 23
2163 2637 2279 2692 und
2326 2657 2368 2694 S.
2408 2658 2476 2694 zu
2513 2646 2562 2709 3,
2594 2646 2643 2710 9,
2675 2647 2722 2695 7.
2768 2642 2777 2714 Ι

432 2706 1168 2857 {Qnifflffgssasssssss
1195 2706 2215 2850 {253335.5·1l,1.t225f33ffl325b2{
2239 2710 2781 2852 ἓεῡῖῖξᾶῗᾩὶζῖἷ

433 2844 791 2900 aonstisches
828 2845 1106 2918 Partlcip,
1151 2847 1259 2902 wie
1294 2847 1411 2904 Liv.
1443 2855 1531 2917 22,
1558 2855 1646 2918 41,
1677 2856 1709 2903 2
1748 2851 1824 2905 ad
1857 2852 2005 2905 mille
2041 2858 2093 2906 et
2126 2853 2454 2923 septinqeuti
2486 2855 2631 2909 caesi
2664 2870 2780 2909 rum

424 2916 558 2985 plus
593 2923 808 2971 ceratum
842 2917 1222 2973 Romanorum
1258 2921 1627 2990 sociorumque
1664 2922 1870 2976 occisi&
1946 2919 1997 2975 S.
2037 2921 2183 2977 Einl.
2222 2928 2253 2989 ξ
2283 2929 2403 2979 110.

610 2986 708 3040 18.
748 2992 797 3042 3.
835 2989 898 3041 id
950 2991 1298 3045 auctoritatis
1350 2991 1498 3045 nach
1532 2990 1814 3074 Analogie
1866 3006 1974 3046 von
2028 2993 2091 3047 id
2138 2996 2362 3062 aetatis,
2407 2995 2471 3048 id
2522 2998 2781 3064 temporis

435 3055 703 3126 gebildet.
737 3057 747 3127 Ι
778 3064 828 3112 4.
867 3066 1167 3115 cormertere
1203 3060 1288 3114 als
1315 3060 1644 3115 Intransitiv
1669 3078 1777 3116 wie
1815 3067 1865 3130 3,
1894 3068 1962 3116 55
2000 3066 2161 3119 ceteri
2186 3065 2263 3119 ad
2287 3066 2625 3134 sapientiora
2651 3081 2779 3121 cou-

428 3132 640 3182 vertere,
700 3127 709 3199 Ι
771 3133 819 3182 5.
857 3145 1057 3197 recens,
1095 3147 1136 3184 s.
1177 3147 1245 3183 zu
1285 3137 1369 3199 11,
1398 3136 1484 3200 25,
1516 3138 1598 3186 12.
1656 3134 1665 3202 Ι
1708 3135 1958 3202 propriis
1991 3135 2137 3189 odiis
2169 3151 2285 3190 uon
2319 3137 2597 3202 infensum
2629 3136 2782 3189 nach

430 3197 559 3251 dem
586 3196 890 3268 Vorgange
916 3199 1142 3270 Vergils
1169 3202 1306 3256 Aen.
1340 3207 1423 3269 11,
1456 3209 1558 3256 122
1596 3208 1712 3259 twm
1746 3205 1929 3260 senior
1954 3220 2260 3275 semperque
2295 3208 2438 3261 odiis
2465 3213 2516 3262 et
2550 3208 2779 3261 erimine

433 3268 690 3323 Drances
725 3271 975 3336 infensus
1105 3271 1285 3338 refert.
1319 3273 1328 3342 Ι
1361 3277 1411 3327 6.
1440 3275 1594 3329 cultu
1618 3275 1892 3343 vultuque.
1958 3274 2099 3329 Sehr
2127 3275 2307 3331 selten
2334 3276 2517 3331 bildet
2542 3276 2776 3332 Tacitus

428 3337 554 3394 eine
591 3339 1014 3410 Paronomasie,
1066 3341 1200 3396 eher
1234 3343 1381 3396 noch
1427 3342 1553 3398 eine
1588 3344 2004 3399 Allitteration:
2045 3346 2193 3418 ,Agn
2223 3354 2292 3401 42
2327 3349 2537 3414 famam
2571 3350 2780 3416 fatum-

429 3427 531 3479 que
559 3413 910 3479 provocabat,
945 3411 1077 3466 hist.
1111 3418 1160 3480 1,
1189 3417 1259 3467 84
1307 3415 1457 3469 vobis
1500 3432 1661 3469 arma
1696 3422 1746 3471 et
1782 3418 2003 3472 animus
2036 3419 2123 3472 sit.
2193 3419 2201 3489 Ι
2272 3424 2320 3472 7.
2359 3406 2513 3472 Uber
2549 3421 2780 3489 yenibus

420 3482 747 3549 provolutus
783 3499 824 3536 s,
863 3499 933 3535 zu
972 3488 1056 3549 11,
1086 3489 1171 3551 30,
1202 3490 1250 3538 2.
1284 3485 1292 3555 Ι
1328 3490 1411 3540 10.
1449 3485 1835 3541 Achaemenes
1870 3503 1989 3542 war
2023 3488 2170 3541 nach
2204 3488 2457 3543 Herodot
2494 3494 2543 3557 7,
2575 3496 2638 3543 11
2678 3489 2782 3544 der

428 3550 822 3621 Urgrossvater
876 3553 974 3608 des
1032 3553 1231 3623 Cyrus,
1287 3556 1403 3609 und
1447 3557 1605 3611 nach
1658 3556 1847 3612 Justin
1894 3563 1981 3625 38,
2012 3564 2042 3612 7
2100 3561 2362 3613 stammte
2414 3559 2780 3614 Mithridates

427 3621 709 3692 Eupator,
747 3623 849 3678 der
881 3624 1270 3693 Romerfeind,
1308 3641 1416 3681 von
1454 3626 1793 3682 vaterlicher
1830 3627 1981 3683 Seite
2018 3646 2118 3683 aus
2157 3629 2480 3684 demselben
2515 3631 2722 3686 Hause.
2765 3631 2774 3703 Ι

429 3695 576 3761 quod
613 3709 686 3749 sc.
718 3695 930 3763 prolem
965 3712 1072 3751 esse
1105 3698 1298 3767 mayni
1332 3699 1706 3754 Achaemenis.
1780 3698 1857 3752 Es
1938 3698 2055 3753 'ebt
2087 3698 2200 3754 viel
2246 3700 2611 3771 auffalligere
2647 3701 2779 3756 Bei-

430 3762 608 3833 spiele
646 3763 799 3819 eines
836 3765 1065 3821 solehen
1101 3767 1434 3836 Neutrums‚
1482 3768 1594 3838 vgl.
1633 3768 1744 3824 Cic.
1785 3770 1857 3824 ad
1894 3717 2027 3825 {lm
2058 3776 2110 3839 9,
2141 3776 2189 3838 1,
2219 3777 2251 3824 2
2288 3772 2580 3843 ignoscunt
2623 3774 2778 3841 mihi,

423 3842 683 3889 revocant
708 3838 774 3890 iu
799 3839 1241 3892 consuetudinem
1258 3840 1564 3907 pristinam
1595 3847 1763 3909 teque,
1791 3842 1934 3909 quod
1960 3842 2025 3895 iu
2060 3857 2129 3896 eo
2148 3845 2535 3911 permanseris,
2561 3845 2780 3913 sapien-

425 3906 617 3959 tiorem
685 3923 818 3961 uam
853 3924 936 3962 me
971 3908 1167 3964 dicwnt
1199 3910 1370 3975 fuisse
1404 3910 1522 3963 und
1560 3928 1601 3964 s.
1643 3928 1711 3964 zu
1749 3927 1875 3965 ann.
1907 3918 1958 3979 6,
1988 3917 2041 3979 8,
2069 3917 2118 3967 2.

603 3922 703 4031 lg.
743 3982 791 4031 2.
831 3979 1095 4050 deyeueri.
1170 3978 1301 4061 Vgl.
1340 3979 1446 4050 ΚΡ.
1476 3986 1545 4034 36
1601 3988 1894 4062 ceterorum
1939 3999 2127 4063 preces
2181 3985 2463 4054 deyeueres
2510 3984 2666 4051 fuere
2709 3999 2781 4039 ex

423 4051 583 4101 metu.
619 4048 627 4116 Ι
660 4052 710 4101 3.
750 4035 903 4102 Uber
938 4049 1167 4121 deliyere
1192 4052 1299 4103 m1t
1326 4051 1456 4105 dem
1479 4050 1651 4105 Dativ
1680 4052 1778 4106 des
1808 4051 2217 4107 Gerundivums
2256 4070 2297 4109 S.
2326 4053 2472 4109 Einl.
2496 4059 2526 4120 ξ
2548 4054 2739 4123 109,b.
2764 4053 2774 4127 Ι

426 4121 473 4170 6.
513 4117 745 4184 fortuma
784 4117 899 4173 ‘die
935 4118 1083 4174 hohe
1112 4119 1420 4192 Stellung',
1455 4120 1563 4176 wie
1594 4128 1678 4190 11,
1709 4128 1804 4190 303
1843 4128 1927 4192 13,
1957 4129 1989 4177 6
2018 4125 2135 4178 und
2163 4124 2321 4179 bfter.
2356 4125 2365 4197 Ι
2398 4131 2448 4180 8.
2475 4127 2779 4196 transigere

428 4186 854 4257 ‘abschliefsen,
911 4189 1001 4244 ein
1046 4191 1206 4245 Ende
1249 4192 1508 4245 machen’
1558 4193 1703 4247 ohne
1750 4193 2079 4264 Accusativ,
2132 4194 2241 4249 wie
2298 4201 2349 4264 2,
2379 4200 2473 4264 65,
2511 4196 2565 4250 h.
2596 4202 2648 4264 3,
2676 4201 2776 4264 463

422 4258 557 4327 Agr.
589 4265 684 4328 343
731 4258 913 4315 Germ.
946 4266 1030 4315 19.
1103 4260 1207 4316 Bei
1260 4261 1592 4317 Klassikern
1644 4263 1819 4318 heisst
1872 4267 2170 4336 transigere
2223 4283 2346 4321 cum
2400 4268 2589 4335 aliquo
2646 4266 2777 4320 ‘mit

416 4327 654 4397 jemand
692 4328 785 4384 ein
823 4329 1095 4386 Gesehaft
1130 4332 1543 4389 abschliessen’.
1578 4336 1587 4404 Ι
1638 4340 1686 4389 9.
1727 4336 1949 4404 quando
1984 4338 2212 4406 gravius
2247 4344 2539 4391 mereretur
2579 4337 2677 4391 ‘da
2714 4353 2778 4391 er

423 4399 650 4455 hartere
689 4399 874 4456 Strafe
910 4401 1198 4457 verdiente
1213 4404 1250 4472 ',
1286 4403 1394 4458 wie
1429 4405 1599 4471 uma,
1636 4406 1744 4460 tale
1779 4407 1916 4474 quid
1957 4409 2176 4475 mereri,
2211 4406 2322 4476 vgl.
2361 4406 2464 4461 das
2508 4406 2777 4478 folgende
