3075 4800
1069 277 1287 331 LIBER
1320 277 1464 331 XIII.
1523 275 1675 331 CAP.
1715 280 1871 330 6-9.
2574 275 2662 338 85

491 440 617 505 Sed
663 441 833 525 apud
880 445 1173 504 senatum
1219 440 1437 504 omnia
1480 440 1552 503 in
1596 438 1802 502 maius
1852 437 2172 502 celebrata
2218 443 2369 503 sunt
2415 442 2661 503 senten-
2682 439 2722 502 8

310 531 420 595 tiis
468 552 707 613 eorum,
755 530 866 612 qui
913 528 1413 613 supplicationes
1460 531 1525 591 et
1571 526 1795 590 diebus
1839 526 2381 609 supplicationum
2417 531 2662 592 vestem

308 620 586 704 principi
641 617 1125 701 triumphalem,
1188 621 1388 700 utque
1442 638 1642 680 ovans
1697 614 1922 678 urbem
1978 616 2197 700 iniret,
2251 615 2660 701 effigiemque

311 709 449 772 eius
495 708 636 791 pari
682 706 1125 793 magnitudine
1172 727 1245 770 ac
1285 705 1513 769 Martis
1551 703 1802 769 Ultoris
1849 703 2072 767 eodem
2119 704 2188 768 in
2233 703 2474 787 templo
2520 725 2662 768 cen-

310 791 2463 966 {131³begrsszssmezffiitgfflssdleoxplldlefldgdlerazugiidelbgffrtddbn
2482 792 2661 946 lgdils
2678 819 2705 860 5

310 974 660 1038 virtutibus
714 972 1090 1057 patefactus,
1191 972 1411 1055 copiae
1467 972 1732 1035 orientis
1788 970 1880 1034 ita
1933 969 2332 1053 dividuntur,
2387 974 2462 1033 ut
2513 992 2662 1053 pars

312 1062 721 1126 auxiliarium
769 1083 914 1126 cum
963 1060 1212 1124 duabus
1259 1059 1622 1146 legionibus
1669 1058 1838 1142 apud
1874 1059 2269 1142 provinciam
2309 1058 2562 1122 Suriam
2600 1063 2665 1122 et

310 1152 597 1237 legatum
665 1151 801 1214 eius
866 1148 1264 1226 Quadratum
1326 1147 1730 1213 Ummidium
1794 1152 2180 1231 remaneret,
2243 1169 2361 1231 par
2422 1147 2662 1211 civium

312 1241 759 1322 sociorumque
811 1260 1116 1302 numerus
1166 1235 1513 1301 Corbuloni
1571 1240 1765 1320 esset,
1817 1235 2051 1299 additis
2098 1235 2472 1300 cohortibus
2519 1236 2664 1300 alis-
2684 1263 2736 1304 ιο

312 1350 462 1412 que,
517 1350 679 1411 quae
733 1329 805 1392 in
851 1325 1253 1410 Cappadocia
1306 1326 1694 1390 hiemabant.
1787 1325 1944 1388 socii
1989 1345 2198 1410 reges,
2253 1330 2448 1408 prout
2492 1323 2663 1389 bello

312 1417 719 1500 conduceret,
791 1437 1014 1499 parere
1086 1416 1271 1480 iussi:
1347 1414 1458 1479 sed
1532 1414 1745 1477 studia
1814 1434 2036 1478 eorum
2100 1415 2169 1477 in
2234 1412 2664 1477 Corbulonem

309 1506 709 1589 promptiora
754 1509 950 1569 erant.
1034 1505 1146 1588 qui
1192 1507 1267 1568 ut
1309 1505 1574 1568 instaret
1616 1502 1841 1586 famae,
1887 1524 2049 1585 quae
2095 1502 2165 1566 in
2198 1503 2383 1567 novis
2420 1503 2664 1586 coeptis
2764 1526 2777 1537 ·

311 1594 707 1657 validissima
753 1598 866 1678 est,
911 1594 1141 1657 itinere
1186 1614 1456 1677 propere
1502 1592 1795 1656 confecto
1843 1590 2012 1674 apud
2048 1588 2299 1677 Aegeas
2336 1591 2663 1655 civitatem

314 1680 572 1747 Ciliciae
619 1682 882 1746 obvium
929 1680 1326 1758 Quadratum
1370 1681 1618 1764 habuit,
1664 1680 1818 1744 illuc
1863 1700 2293 1766 progressum,
2338 1702 2436 1765 ne,
2485 1681 2539 1743 si
2585 1680 2666 1744 ad
2687 1707 2737 1748 ιε

314 1770 714 1855 accipiendas
761 1771 979 1855 copias
1027 1770 1281 1835 Suriam
1328 1770 1699 1834 intravisset
1747 1766 2054 1852 Corbulo,
2101 1769 2390 1833 omnium
2438 1791 2551 1832 ora
2595 1769 2666 1832 in

312 1882 378 1923 se
425 1863 703 1924 verteret
748 1880 1013 1942 corpore
1058 1861 1304 1944 ingens,
1350 1858 1563 1922 verbis
1609 1858 1970 1942 magnificis
2013 1860 2079 1920 et
2115 1879 2307 1940 super
2343 1858 2665 1940 experien-

310 1950 471 2012 tiam
519 1949 1029 2030 sapientiamque
1076 1949 1271 2010 etiam
1319 1947 1527 2030 specie
1574 1947 1864 2009 inanium
1909 1944 2176 2008 validus,

492 2035 790 2098 Ceterum
827 2039 1097 2117 uterque
1124 2033 1493 2119 Vologesen
1527 2054 1747 2118 regem
1776 2034 2022 2096 nuntiis
2050 2032 2415 2115 monebant,
2443 2031 2728 2120 paoem'e

312 2146 509 2207 quam
555 2121 797 2185 bellum
845 2122 1068 2186 mallet
1112 2122 1408 2205 datisque
1453 2121 1786 2184 obsidibus
1834 2119 2090 2183 solitam
2135 2120 2458 2203 prioribus
2496 2142 2669 2183 reve-

310 2212 588 2276 rentiam
636 2211 704 2274 in
748 2209 1061 2294 populum
1105 2210 1471 2273 Romanum
1517 2209 1938 2273 continuaret.
2020 2211 2086 2270 et
2120 2207 2492 2293 Vologeses,
2539 2230 2666 2291 quo

310 2300 554 2365 bellum
602 2321 681 2362 ex
727 2298 1065 2363 commodo
1111 2302 1390 2382 pararet,
1437 2320 1521 2362 an
1565 2300 1641 2361 ut
1684 2297 2132 2361 aemulationis
2180 2300 2509 2380 suspectos
2554 2319 2670 2380 per

310 2411 548 2455 nomen
639 2387 937 2453 obsidum
1020 2391 1369 2472 amoveret,
1461 2386 1660 2452 tradit
1738 2385 2175 2450 nobilissimos
2259 2408 2339 2450 ex
2419 2386 2667 2452 familia
2684 2414 2712 2456 5

311 2476 781 2543 Arsacidarum.
881 2478 1253 2561 accepitque
1318 2498 1425 2540 eos
1490 2476 1780 2541 centurio
1842 2473 2121 2539 Insteius
2187 2475 2267 2539 ab
2332 2474 2663 2540 Ummidio

312 2568 572 2651 missus,
636 2566 803 2630 forte
866 2567 1045 2649 prior
1089 2588 1162 2629 ea
1218 2565 1295 2629 de
1350 2586 1542 2629 causa
1596 2564 1771 2628 adito
1826 2586 1993 2649 rege.
2095 2563 2268 2648 quod
2322 2569 2668 2647 postquam

317 2653 666 2720 Corbuloni
702 2656 1035 2741 cognitum
1075 2659 1188 2738 est,
1235 2655 1328 2718 ire
1364 2654 1760 2738 praefectum
1798 2653 2083 2717 cohortis
2119 2651 2383 2716 Arrium
2420 2653 2666 2718 Varum

316 2809 503 2871 Thron
541 2814 773 2881 gesetzt,
800 2811 1078 2865 nachdem
1109 2810 1471 2864 Radamistus
1499 2808 1816 2863 vertrieben
1850 2824 1982 2863 war.
2039 2809 2073 2863 J
2076 2811 2192 2863 etzt
2212 2808 2369 2861 ‘wird
2406 2825 2466 2862 er
2492 2809 2669 2862 durch

317 2880 411 2935 die
447 2881 771 2961 Emporung
826 2882 1009 2936 seines
1065 2882 1302 2951 eigenen
1340 2881 1580 2949 SohneS,
1636 2879 1956 2948 Vardanes,
2012 2897 2111 2933 zur
2163 2879 2468 2960 Rfickkehr
2519 2880 2668 2932 nach

322 2952 605 3015 Parthien,
627 2970 987 3023 gezwungen.
1023 2954 1032 3023 1
1065 2953 1343 3008 abscedere
1369 2953 1658 3017 Armenia,
1695 2951 1902 3005 ebenso
1933 2955 2018 3018 15,
2039 2955 2088 3019 6,
2125 2966 2232 3004 w1e
2270 2949 2442 3004 sehon
2471 2949 2664 3003 Livius

318 3024 696 3149 dlasidVerbum
732 3023 839 3078 mit
876 3024 1005 3078 dem
1040 3023 1265 3078 blossen
1299 3023 1428 3077 Abl.
1468 3023 1569 3076 der
1595 3022 1900 3090 Trennung
1926 3020 2226 3075 verbindet
2261 3039 2306 3076 z.
2327 3021 2389 3075 B.
2421 3026 2506 3090 37,
2526 3026 2614 3088 31,
2634 3026 2667 3073 3

314 3111 344 3148 o
382 3110 410 3149 s
471 3111 609 3149 wne.

494 3164 553 3220 8.
594 3170 639 3220 1.
679 3167 743 3219 in
778 3166 977 3234 maius,
1013 3165 1121 3219 wie
1158 3171 1209 3234 3,
1242 3170 1305 3219 12
1345 3166 1409 3218 in
1434 3166 1617 3219 maius
1643 3165 1868 3235 vulqare
1895 3181 1949 3218 u.
1980 3179 2050 3232 a.,
2087 3162 2195 3232 vgl.
2226 3162 2358 3217 Sall.
2381 3163 2506 3232 Jug.
2529 3167 2615 3231 73,
2637 3168 2668 3217 5

313 3237 563 3291 virtutem
598 3238 662 3290 in
697 3238 879 3291 maius
913 3238 1192 3292 celebrare.
1228 3237 1237 3308 Ι
1267 3241 1318 3291 4.
1358 3236 1571 3291 Martis
1615 3236 1670 3291 U
1670 3236 1840 3303 ltoriS,
1878 3234 2085 3289 estlich
2119 3251 2247 3288 vom
2282 3233 2532 3305 Kapitol,
2572 3234 2676 3287 auf

314 3307 442 3360 dem
494 3307 702 3361 Forum
751 3307 1009 3377 Augusti.
1156 3324 1405 3362 censuere
1450 3323 1495 3361 c.
1534 3307 1664 3361 Acc.
1702 3313 1895 3361 vestem
1949 3309 2011 3375 (s.
2051 3323 2120 3359 zu
2160 3311 2244 3373 12,
2273 3308 2363 3375 38)
2417 3305 2536 3358 und
2589 3312 2669 3373 ut,

312 3377 422 3447 vgl.
460 3378 566 3448 ΚΡ.
595 3384 666 3431 44
703 3379 1016 3449 inqentibus
1099 3380 1221 3432 onis
1266 3379 1600 3433 adulterium
1656 3384 1705 3432 et
1758 3394 1910 3444 mox,
1964 3384 2028 3431 ut
2082 3377 2345 3432 omitteret
2389 3378 2668 3443 maritum,

316 3456 613 3503 emereatur
648 3448 764 3501 und
803 3467 843 3503 s.
884 3467 953 3502 zu
989 3448 1136 3504 Einl.
1176 3454 1206 3514 ἓ
1237 3455 1356 3517 119,
1388 3454 1471 3503 12.
1558 3455 1605 3503 5.
1647 3447 1889 3503 Corbulo
1925 3447 2086 3501 hatte
2125 3447 2245 3501 sich
2281 3447 2360 3499 im
2396 3447 2444 3501 J.
2475 3452 2543 3499 47
2584 3446 2667 3500 als

314 3518 720 3600 Befehlshaber
783 3536 875 3573 am
938 3519 1311 3575 Niederrhein
1374 3519 1511 3573 dure
1616 3518 1769 3573 scine
1834 3517 2070 3600 §trenge
2133 3517 2250 3598 und
2304 3516 2672 3598 Tiichtigkeit

315 3590 927 3729 3255322103532123’.
935 3596 1214 3731 ¹351.ssssss
1231 3591 1361 3731 'vgil
1396 3608 1432 3644 ‘¹
1446 3587 2671 3727 ...05:23113.{Yzffzssi‘zizeffifflffl

316 3731 533 3810 scitiarn
569 3737 875 3785 ceterorum.
944 3733 952 3802 Ι
1020 3739 1068 3787 9.
1108 3720 1260 3786 Uber
1297 3730 1618 3797 Quadratus
1656 3748 1697 3784 s.
1737 3748 1804 3783 zu
1846 3734 1929 3809 12,
1957 3734 2043 3783 45.
2091 3730 2100 3799 Ι
2153 3734 2234 3810 11.
2275 3727 2673 3809 Cappadocien

315 3815 433 3854 war
485 3818 559 3853 im
619 3800 667 3854 J.
700 3805 764 3854 51
821 3818 928 3855 von
984 3802 1113 3856 dem
1167 3802 1358 3873 seigen
1405 3801 1750 3855 Prokurator
1795 3799 1979 3854 Julius
2023 3799 2328 3869 Paelignus
2381 3817 2461 3853 un
2513 3799 2669 3854 Stich

317 3871 2253 4015 ffiffffissgassberefflssiamsssseliiffifie‘'ffossffiefflfflffissfficiffil·
2288 3874 2414 3997 ¹..ssss
2443 3871 2670 4015 ὶέἰέῗῖ

319 4020 401 4069 17.
440 4032 605 4084 super
643 3988 786 4068 st’att
813 4022 1048 4084 praeter,
1084 4015 1194 4071 wie
1233 4022 1283 4085 1,
1312 4022 1379 4069 59
1416 4015 1534 4068 und
1573 4014 1671 4070 oft.
1707 4016 1716 4087 Ι
1750 3988 1832 4069 18.
1871 4016 2072 4069 inania
2110 4014 2238 4068 sind
2273 4015 2493 4069 aussere
2528 4015 2670 4068 Vor-

317 4091 475 4155 zi’ige,
510 4086 618 4140 wie
656 4085 738 4140 sie
774 4085 973 4140 vorhin
1009 4087 1265 4141 erwahnt
1301 4087 1542 4141 werden.
1760 4125 1765 4130 .

494 4157 554 4213 9.
614 4163 662 4212 2.
700 4158 917 4213 solitam
956 4159 1243 4227 prioribus
1277 4158 1646 4213 reverentiam.
1720 4144 1874 4210 Uber
1911 4155 2021 4210 den
2055 4156 2226 4209 Dativ
2261 4173 2302 4210 s.
2336 4162 2421 4224 12,
2450 4161 2535 4222 56,
2564 4160 2613 4208 8.
2655 4154 2671 4225 ῑ

314 4233 363 4281 4.
404 4214 558 4282 fiber
593 4235 870 4298 suspectus
903 4228 1011 4282 mit
1047 4228 1175 4282 dem
1206 4227 1442 4282 Genetiv
1479 4246 1518 4281 s.
1551 4245 1621 4280 zu
1648 4233 1699 4296 3,
1729 4232 1816 4295 29,
1847 4232 1928 4282 15.
1964 4229 1972 4297 Ι
2005 4233 2054 4281 6.
2084 4227 2500 4281 Arsacidarum.
2538 4221 2665 4291 Vgl.

317 4316 383 4351 zu
423 4304 474 4366 2,
508 4305 554 4353 1.
598 4302 606 4368 Ι
656 4299 903 4368 Instejus
941 4299 1142 4368 Capito
1178 4298 1322 4352 wird
1358 4299 1462 4380 Kp.
1492 4304 1559 4352 39
1600 4298 1684 4351 als
1721 4296 2132 4367 Lagerprafekt
2168 4296 2265 4348 des
2282 4293 2545 4375 ’Corbulo
2584 4309 2669 4346 er-

315 4368 525 4423 wahnt.
603 4375 651 4423 8.
690 4369 885 4423 Arrius
912 4370 1097 4423 Varus
1132 4368 1212 4423 ist
1247 4369 1538 4424 vielleicht
1566 4369 1741 4424 Vater
1778 4369 1877 4422 des
1903 4367 2106 4434 Varus,
2144 4366 2243 4418 der
2276 4380 2356 4415 im
2382 4364 2431 4417 J.
2463 4368 2530 4415 69
2570 4362 2674 4415 auf

319 4438 511 4493 Seiten
588 4457 646 4494 es
684 4439 998 4510 Vespasian
1035 4441 1189 4495 steht
1224 4441 1338 4493 und
1376 4439 1782 4494 Befehlshaber
1818 4438 1918 4492 der
1952 4434 2311 4490 Pratorianer
2346 4433 2464 4485 und
2506 4446 2668 4500 prae-
