3075 4800
423 235 507 299 58
776 232 1119 287 CORNELII
1154 231 1397 287 TACITI
1432 231 1530 284 AB
1568 229 1889 286 EXCESSU
1925 231 2081 285 DIV1
2114 230 2432 286 AUGUSTI

337 429 391 468 10
419 396 737 483 gestabat,
792 398 965 458 retro
1013 394 1231 458 evasit.
1323 393 1689 478 hostiaque,
1738 415 1899 476 quae
1945 394 2427 476 muniebantur,
2478 394 2797 459 hiberna-

416 484 578 550 culis
618 484 930 548 adsistens
967 482 1299 547 semifacta
1336 504 1530 566 opera
1561 483 1718 567 fuga
1753 483 2045 565 perrupit
2083 504 2275 565 seque
2311 482 2482 546 vallo
2521 483 2793 547 extulit.

417 576 482 638 et
536 572 671 655 pila
724 571 1005 636 militum
1071 592 1280 635 arsere
1342 571 1550 656 magis
1604 571 1844 655 insigni
1897 571 2225 656 prodigio,
2289 572 2440 653 quia
2491 570 2792 636 Parthus

417 660 624 726 hostis
671 659 1024 725 missilibus
1072 660 1219 724 telis
1266 659 1566 723 decertat.

353 756 395 819 8
597 747 895 813 Ceterum
956 747 1190 812 Paetus
1256 747 1487 831 spretis
1554 746 1876 811 ominibus
1940 748 2212 812 necdum
2278 748 2433 812 satis
2497 749 2787 814 firmatis

414 837 873 920 hibernaculis,
936 836 1116 900 nullo
1170 836 1265 900 rei
1319 836 1775 899 frumentariae
1829 836 2121 919 provisu,
2185 837 2355 920 rapit
2419 837 2786 901 exercitum

414 932 592 991 trans
647 929 934 989 montem
982 924 1264 989 Taurum
1320 924 1776 1007 reciperandis,
1830 929 1904 989 ut
1958 924 2232 1008 ferebat,
2292 924 2785 1010 Tigranocertis

412 1015 863 1096 vastandisque
916 1013 1317 1098 regionibus,
1376 1034 1533 1095 quas
1593 1011 1872 1078 Corbulo
1929 1013 2212 1098 integras
2271 1014 2609 1078 omisisset.
2703 1018 2783 1077 et

359 1135 386 1176 5
414 1107 602 1188 capta
647 1102 958 1187 quaedam
1003 1101 1265 1165 castella
1309 1101 1680 1186 gloriaeque
1726 1105 1792 1165 et
1835 1102 2107 1183 praedae
2153 1101 2452 1165 nonnihil
2486 1106 2776 1186 partum,

414 1195 469 1258 si
525 1195 636 1256 aut
690 1191 964 1277 gloriam
1028 1211 1174 1254 cum
1229 1189 1421 1253 modo
1488 1193 1599 1254 aut
1652 1189 1953 1273 praedam
2007 1211 2153 1253 cum
2210 1211 2362 1254 cura
2417 1189 2779 1255 habuisset.

411 1283 520 1347 sed
559 1280 932 1365 longinquis
978 1278 1317 1342 itineribus
1372 1278 1802 1362 percursando
1859 1300 2022 1361 quae
2069 1278 2348 1342 obtineri
2392 1278 2776 1362 nequibant,

412 1372 717 1452 corrupto
766 1368 877 1451 qui
923 1370 1148 1450 captus
1196 1371 1332 1431 erat
1377 1370 1740 1430 commeatu
1785 1369 1850 1429 et
1895 1366 2176 1431 instante
2222 1367 2351 1430 iam
2397 1366 2626 1450 hieme,
2673 1389 2778 1431 re-

412 1457 597 1522 duxit
640 1457 991 1520 exercitum
1047 1456 1512 1538 conposuitque
1569 1455 1649 1518 ad
1696 1453 2029 1519 Gaesarem
2075 1456 2324 1519 litteras
2381 1455 2563 1538 quasi
2618 1476 2776 1519 con-

333 1576 386 1615 ιο
413 1547 582 1610 fecto
629 1545 819 1628 bello,
865 1544 1076 1608 verbis
1122 1543 1500 1628 magnificis,
1546 1566 1760 1607 rerum
1807 1564 2056 1608 vacuas.

352 1640 392 1702 9
590 1631 859 1696 Interim
935 1630 1214 1695 Corbulo
1287 1653 1619 1714 nunquam
1692 1632 2053 1716 neglectam
2126 1631 2478 1715 Euphratis
2557 1632 2773 1715 ripam

413 1720 842 1785 crebrioribus
904 1720 1239 1803 praesidiis
1298 1719 1561 1803 insedit3
1625 1723 1689 1782 et
1742 1742 1823 1783 ne
1882 1721 2069 1803 ponti
2123 1720 2442 1784 iniciendo
2503 1720 2776 1803 impedi-

412 1812 701 1873 mentum
747 1808 1016 1872 hostiles
1062 1812 1311 1872 turmae
1354 1808 1683 1879 adferrent
1737 1806 1896 1894 (iam
1952 1808 2126 1872 enim
2172 1808 2478 1873 subiectis
2526 1808 2773 1892 campis

350 1907 355 1912 ’
412 1920 647 1989 magna
710 1898 917 1981 specie
982 1894 1397 1983 volitabant),
1469 1918 1664 1962 naves
1728 1897 2171 1982 magnitudine
2239 1900 2636 1980 praestantes
2703 1901 2772 1961 et

356 2017 383 2058 5
412 2009 685 2052 conexas
738 1986 1031 2050 trabibus
1087 2007 1160 2050 ac
1213 1985 1500 2050 turribus
1558 1989 1775 2049 auctas
1832 1987 1968 2070 agit
2023 2007 2138 2068 per
2189 2007 2440 2049 amnem
2487 1986 2774 2069 catapul-

411 2077 623 2159 tisque
679 2079 743 2139 et
796 2075 1047 2139 balistis
1101 2074 1444 2158 proturbat
1497 2073 1832 2157 barbaros,
1885 2074 1957 2137 in
2011 2094 2172 2157 quos
2229 2095 2383 2137 saxa
2437 2077 2501 2136 et
2545 2074 2770 2138 hastae

411 2165 668 2250 longius
713 2164 1153 2247 permeabant,
1210 2185 1403 2246 quam
1450 2166 1523 2225 ut
1570 2163 1891 2227 contrario
1938 2163 2321 2247 sagittarum
2368 2163 2542 2226 iactu
2588 2162 2770 2225 adae-

412 2256 775 2336 quarentur.
868 2251 1017 2315 dein
1059 2273 1223 2334 pons
1269 2251 1683 2316 continuatus
1730 2250 2052 2334 collesque
2100 2250 2348 2314 adversi
2402 2272 2517 2334 per
2562 2251 2768 2315 socias

413 2340 736 2423 cohortes,
781 2342 931 2423 post
975 2340 1307 2425 legionum
1354 2340 1580 2404 castris
1629 2343 2049 2423 occupantur,
2103 2342 2285 2404 tanta
2330 2339 2655 2404 celeritate
2703 2344 2769 2404 et

332 2459 387 2498 10
415 2429 843 2492 ostentatione
888 2428 1144 2512 virium,
1189 2432 1263 2492 ut
1297 2426 1525 2491 Parthi
1573 2429 1809 2492 omisso
1847 2432 2076 2511 paratu
2114 2428 2505 2492 invadendae
2544 2427 2768 2492 Suriae

590 2572 638 2621 8.
687 2584 826 2636 quae
861 2566 1251 2620 mwniebantur
1286 2567 1657 2620 hibernaculis
1701 2564 1825 2619 hier
1858 2564 2063 2618 hochst
2099 2563 2398 2636 auffallige
2437 2565 2709 2634 Stellung.
2756 2566 2763 2637 Ι

411 2644 459 2693 9.
499 2637 609 2692 Ein
638 2637 927 2693 ahnliches
955 2636 1284 2705 Prodigium
1322 2636 1537 2691 erzahlt
1564 2635 1680 2691 Liv.
1711 2642 1797 2705 21,
1827 2641 1913 2703 63,
1945 2642 2009 2689 13
2047 2638 2254 2691 vitu-lus
2278 2638 2394 2690 iam
2420 2637 2561 2691 ictus
2597 2655 2624 2691 e
2650 2654 2765 2690 ma-

408 2710 574 2765 nibus
618 2709 1050 2776 sacrificantium
1094 2725 1202 2762 sese
1251 2725 1375 2762 eum
1414 2709 1794 2777 proripuisset.
1869 2706 1944 2760 Es
1990 2707 2115 2777 galt
2162 2706 2244 2760 als
2293 2706 2385 2761 ein
2430 2707 2590 2761 fibles
2626 2707 2766 2761 Vor-

409 2780 652 2835 zeichen.
717 2784 724 2848 1
788 2786 871 2834 10.
912 2780 1039 2848 pila
1067 2810 1135 2818 —-
1173 2795 1366 2834 arsere.
1442 2779 1558 2832 Das
1607 2779 1685 2833 St.
1726 2777 2039 2832 Elmsfeuer
2085 2777 2189 2831 auf
2228 2777 2338 2832 den
2383 2777 2612 2847 Spitzen
2668 2778 2769 2832 der

407 2851 635 2906 Waffen
678 2850 820 2904 wird
856 2867 965 2904 von
999 2849 1192 2904 Livius
1240 2850 1387 2904 &fter
1431 2852 1597 2904 unter
1633 2849 1743 2903 den
1778 2848 2082 2918 Prodigien
2124 2848 2465 2918 aufgefi‘ihrt.
2541 2848 2765 2903 Ebenso

414 2929 506 2992 12,
547 2928 614 2977 64
660 2924 822 2992 siqna
868 2939 934 2976 ac
977 2923 1214 2977 tentoria
1257 2922 1495 2975 militumi
1545 2922 1667 2991 iqni
1721 2922 1935 2975 caelesti
1987 2937 2178 2975 arsere.
2253 2908 2532 2989 Ubrigens
2582 2919 2769 2973 bildet

408 3010 499 3048 ma
535 2995 583 3047 is
619 2993 829 3063 insiyni
857 2993 1116 3062 prodiyio
1153 2992 1255 3045 das
1282 2991 1534 3061 logische
1563 2991 1840 3045 Pradikat
1878 2991 2018 3043 ‘und
2050 2990 2176 3043 dass
2216 3033 2317 3058 ...,
2354 3007 2472 3044 war
2499 2989 2591 3044 ein
2618 2991 2766 3044 noch

411 3080 483 3117 au
508 3063 795 3133 falligeres
833 3062 1115 3131 Zeichen’,
1153 3080 1193 3116 s.
1234 3080 1302 3115 zu
1341 3069 1425 3130 14,
1454 3069 1542 3132 48,
1574 3069 1656 3116 17.

587 3134 646 3188 8.
703 3140 752 3187 2.
789 3135 943 3201 rapit
970 3159 1038 3178 =
1065 3135 1271 3202 raptim
1307 3133 1516 3199 ducere,
1554 3151 1595 3186 S.
1635 3151 1704 3185 zu
1743 3138 1789 3200 1,
1820 3137 1906 3200 56,
1936 3139 1985 3187 6.
2042 3135 2051 3202 Ι
2110 3138 2159 3185 3.
2197 3138 2261 3186 ut
2295 3133 2502 3198 ferebat
2539 3131 2668 3187 ‘wie
2705 3149 2766 3186 er

410 3205 612 3273 sagte’,
651 3202 759 3272 vgl.
798 3210 859 3269 4,
897 3207 993 3270 40,
1035 3208 1101 3255 22
1139 3216 1253 3257 non
1290 3205 1488 3257 occulti
1521 3205 1725 3270 ferunt,
1762 3209 1822 3271 6,
1852 3209 1938 3272 49,
1968 3209 1999 3257 8
2038 3219 2368 3272 quamquam
2407 3248 2416 3257 .
2449 3243 2460 3256 .
2494 3245 2506 3258 .
2545 3205 2765 3272 aliaque

407 3276 470 3327 in
506 3275 733 3327 eumdem
767 3274 1003 3327 dolorem
1038 3280 1244 3327 maesta
1280 3280 1330 3327 et
1364 3275 1680 3328 miseranda
1715 3274 1816 3327 diu
1851 3276 2028 3342 ferret.
2081 3275 2089 3343 Ι
2150 3277 2197 3327 5.
2228 3275 2473 3343 praedae
2507 3275 2765 3328 nonnihil

402 3350 632 3413 pao-tum
669 3360 742 3397 sc.
772 3349 891 3398 erat
927 3342 1366 3412 (thatsachlich)‚
1403 3346 1454 3397 si
1481 3375 1551 3385 —
1579 3346 1855 3399 habuisset
1885 3346 2069 3398 ‘wenn
2095 3344 2230 3396 nur’·
2256 3344 2392 3398 oder
2422 3342 2624 3398 ‘leider
2657 3361 2764 3397 nur

406 3413 586 3468 nicht’
625 3413 736 3483 vgl.
767 3413 878 3468 Cic.
907 3430 1009 3482 pro
1037 3412 1220 3468 Flacc.
1251 3419 1281 3478 ἓ
1312 3418 1376 3466 15
1416 3431 1447 3468 o
1483 3431 1682 3469 morem
1710 3416 2080 3483 praeclarum,
2116 3416 2166 3469 si
2194 3416 2409 3483 quidem
2437 3418 2764 3470 teneremus!

406 3487 517 3542 sed
551 3487 731 3541 nescio
768 3502 873 3556 quo
901 3491 1068 3556 paeto
1104 3486 1219 3538 iam
1254 3486 1319 3539 de
1355 3486 1611 3540 manibus
1647 3487 1882 3540 elabitur
1916 3486 2034 3538 und
2073 3503 2113 3540 s.
2154 3484 2209 3540 C.
2240 3484 2299 3539 F.
2329 3485 2419 3540 W.
2453 3485 2658 3539 Muller
2695 3503 2761 3539 zu

409 3558 477 3612 de
516 3557 607 3612 off.
649 3563 679 3610 3
727 3564 757 3624 ξ
793 3563 864 3611 44
900 3558 1084 3627 itaque
1113 3558 1464 3624 praeclarum
1508 3574 1546 3610 a
1590 3558 1890 3611 maioribus
1934 3559 2239 3624 accepimus
2284 3572 2482 3611 morem
2526 3558 2763 3627 royandi

405 3631 633 3698 iudicis,
671 3630 721 3684 si
755 3647 877 3684 eum
912 3636 1221 3685 teneremus.
1283 3629 1291 3698 Ι
1353 3633 1398 3682 7.
1431 3629 1807 3696 percursando
1846 3628 1987 3680 statt
2016 3643 2373 3695 percursam-3,
2408 3627 2517 3681 wie
2557 3633 2654 3695 143
2694 3633 2755 3680 31

404 3718 582 3756 servos
616 3702 973 3770 appellando,
1013 3705 1072 3768 6,
1111 3704 1177 3753 38
1216 3705 1438 3753 mentem
1476 3699 1792 3754 obiectando
1827 3713 1880 3751 u.
1913 3713 1962 3750 a.
2022 3703 2030 3765 Ι
2090 3702 2139 3750 8.
2177 3698 2361 3752 hieme.
2436 3698 2513 3751 Es
2549 3697 2628 3751 ist
2665 3698 2762 3752 der

405 3771 631 3825 Winter
663 3788 772 3825 von
810 3777 875 3824 62
917 3770 1020 3825 auf
1051 3776 1134 3823 63.
1197 3771 1205 3840 Ι
1267 3775 1350 3823 10.
1388 3787 1571 3824 rerum
1607 3785 1827 3823 vacuus.
1900 3767 2012 3822 Der
2047 3766 2285 3821 Genetiv
2320 3767 2428 3821 wie
2468 3768 2601 3822 Sall.
2631 3768 2755 3838 Jug.

407 3846 492 3909 90,
527 3847 555 3893 1
594 3859 726 3911 aqer
765 3885 775 3895 .
809 3886 818 3895 .
853 3885 863 3895 .
902 3843 1130 3911 frqum
1163 3857 1384 3896 vacuus.

583 3912 643 3964 9.
691 3915 740 3964 3.
778 3911 884 3964 Die
912 3911 1107 3965 Worte
1143 3912 1398 3966 subiectis
1424 3942 1494 3951 —
1521 3911 1827 3965 volitabant
1861 3909 2103 3978 konnen,
2141 3925 2305 3963 wenn
2337 3925 2470 3962 man
2508 3908 2758 3963 schlecht

404 3981 606 4034 betont
626 4024 640 4048 ,
678 3980 761 4033 als
808 3980 902 4033 ein
947 3981 1284 4035 Hexameter
1329 3980 1558 4051 gelesen
1602 3980 1843 4034 werden.
1913 3979 2041 4049 Vgl.
2090 3997 2157 4033 zu
2207 3987 2263 4048 1,
2305 3986 2351 4034 1.
2413 3982 2421 4048 Ι
2480 3985 2530 4034 4.
2578 3997 2753 4034 naves.

404 4051 572 4106 Diese
608 4050 947 4120 Fahrzeuge,
988 4050 1457 4106 schwimmenden
1493 4050 1818 4106 Batterieen
1853 4050 2258 4119 vergleichbar,
2299 4049 2467 4120 legen
2505 4050 2626 4104 sich
2661 4067 2757 4104 vor
2805 4058 2814 4065 ‘

408 4122 518 4176 den
553 4121 951 4189 Brfickenbau‚
999 4139 1094 4175 um
1141 4121 1232 4177 die
1269 4121 1530 4176 Arbeiter
1577 4138 1760 4191 gegen
1807 4120 1899 4176 die
1943 4120 2289 4175 feindlichen
2336 4119 2646 4175 Geschosse
2690 4139 2755 4174 zu

407 4191 642 4246 sichem.
704 4194 712 4260 Ι
771 4198 821 4244 5.
859 4199 1052 4245 auctas
1090 4193 1436 4259 ‘verstarkt’‚
1475 4192 1589 4262 vgl.
1628 4192 1759 4247 hist.
1798 4199 1857 4260 4,
1896 4198 1964 4245 34
2001 4193 2209 4246 vallum
2243 4192 2519 4260 tvm-risque
2556 4199 2752 4246 castro-

405 4279 529 4315 rum
566 4262 815 4330 auqebat,
851 4260 955 4328 ΚΡ.
987 4266 1053 4314 65
1091 4278 1274 4316 muros
1300 4263 1539 4317 civitatis
1568 4280 1763 4333 auyere
1789 4264 1948 4317 nobis
1983 4279 2148 4330 quam
2175 4264 2393 4316 diruere
2419 4264 2594 4316 tutius
2621 4269 2709 4316 est.
2743 4262 2750 4333 Ι

408 4338 457 4382 6.
494 4332 699 4395 hastae,
731 4329 920 4448 grosse
948 4330 1304 4400 Wurfspeere
1343 4347 1442 4385 aus
1481 4332 1592 4385 den
1619 4332 1964 4386 Maschinen.
2026 4334 2034 4400 Ι
2097 4337 2177 4384 10.
2219 4334 2504 4386 ostentatio
2546 4333 2753 4386 ‘osten-

406 4398 582 4450 tative
619 4399 732 4451 Ent
757 4397 998 4467 altung’.
1057 4401 1065 4469 Ι
1115 4408 1355 4468 paratus
1391 4404 1534 4455 statt
1571 4409 1877 4471 apparatus
1915 4419 1955 4456 s,
1996 4407 2046 4468 3,
2077 4407 2161 4469 52,
2192 4407 2239 4454 5.
