<?xml version="1.0" encoding="UTF-8"?>
<!DOCTYPE html PUBLIC "-//W3C//DTD XHTML 1.0 Transitional//EN"
    "http://www.w3.org/TR/xhtml1/DTD/xhtml1-transitional.dtd">
<html xmlns="http://www.w3.org/1999/xhtml" xml:lang="en" lang="en">
 <head>
  <title>
</title>
<meta http-equiv="Content-Type" content="text/html;charset=utf-8" />
  <meta name='ocr-system' content='tesseract 3.04.00' />
  <meta name='ocr-capabilities' content='ocr_page ocr_carea ocr_par ocr_line ocrx_word'/>
</head>
<body>
  <div class='ocr_page' id='page_1' title='image "./dieannalendesta01draegoog_0252.png"; bbox 0 0 3075 4800; ppageno 0'>
   <div class='ocr_carea' id='block_1_1' title="bbox 450 228 2459 294">
    <p class='ocr_par' dir='ltr' id='par_1_1' title="bbox 450 228 2459 294">
     <span class='ocr_line' id='line_1_1' title="bbox 450 228 2459 294; baseline -0.006 1"><span class='ocrx_word' id='word_1_1' title='bbox 450 230 580 294; x_wconf 78' lang='grc'><strong>120</strong></span> <span class='ocrx_word' id='word_1_2' title='bbox 806 229 1147 285; x_wconf 85' lang='lat' dir='ltr'>CORNELII</span> <span class='ocrx_word' id='word_1_3' title='bbox 1182 228 1424 283; x_wconf 89' lang='lat' dir='ltr'><strong>TACITI</strong></span> <span class='ocrx_word' id='word_1_4' title='bbox 1458 230 1557 283; x_wconf 89' lang='lat' dir='ltr'><strong>AB</strong></span> <span class='ocrx_word' id='word_1_5' title='bbox 1593 228 1915 284; x_wconf 84' lang='lat' dir='ltr'>EXCESSU</span> <span class='ocrx_word' id='word_1_6' title='bbox 1950 228 2105 284; x_wconf 84' lang='lat' dir='ltr'><strong>DrVI</strong></span> <span class='ocrx_word' id='word_1_7' title='bbox 2141 228 2459 284; x_wconf 84' lang='lat' dir='ltr'><strong>AUGUSTI</strong></span> 
     </span>
    </p>
   </div>
   <div class='ocr_carea' id='block_1_2' title="bbox 343 389 2816 2863">
    <p class='ocr_par' dir='ltr' id='par_1_2' title="bbox 371 389 2807 476">
     <span class='ocr_line' id='line_1_2' title="bbox 371 389 2807 476; baseline -0.001 -18"><span class='ocrx_word' id='word_1_8' title='bbox 371 419 424 458; x_wconf 84' lang='grc' dir='ltr'><strong>ιο</strong></span> <span class='ocrx_word' id='word_1_9' title='bbox 450 392 659 456; x_wconf 85' lang='grc'><strong>0001110</strong></span> <span class='ocrx_word' id='word_1_10' title='bbox 714 391 1191 475; x_wconf 72' lang='lat' dir='ltr'><strong>obscuraretur,</strong></span> <span class='ocrx_word' id='word_1_11' title='bbox 1244 413 1327 456; x_wconf 90' lang='lat' dir='ltr'><strong>an</strong></span> <span class='ocrx_word' id='word_1_12' title='bbox 1380 395 1454 455; x_wconf 90' lang='lat' dir='ltr'><strong>ut</strong></span> <span class='ocrx_word' id='word_1_13' title='bbox 1508 389 2020 476; x_wconf 76' lang='lat' dir='ltr'>magnitudinem</span> <span class='ocrx_word' id='word_1_14' title='bbox 2074 391 2557 475; x_wconf 77' lang='lat' dir='ltr'><strong>imperatoriam</strong></span> <span class='ocrx_word' id='word_1_15' title='bbox 2614 392 2807 456; x_wconf 82' lang='lat' dir='ltr'><strong>caede</strong></span> 
     </span>
    </p>

    <p class='ocr_par' dir='ltr' id='par_1_3' title="bbox 343 479 2812 920">
     <span class='ocr_line' id='line_1_3' title="bbox 343 479 2808 652; baseline -0.001 -18"><span class='ocrx_word' id='word_1_16' title='bbox 343 568 431 634; x_wconf 84' lang='lat'><strong>24</strong></span> <span class='ocrx_word' id='word_1_17' title='bbox 450 479 1394 652; x_wconf 46' lang='lat' dir='ltr'><strong>mgffivssffinssfflt</strong></span> <span class='ocrx_word' id='word_1_18' title='bbox 1409 479 2452 652; x_wconf 56' lang='grc' dir='ltr'><strong>·ἰῗ1··.ἷζῗζ,ῗὲζὲέὲἰ··ξῖἔὲἶρθω</strong></span> <span class='ocrx_word' id='word_1_19' title='bbox 2514 571 2808 652; x_wconf 63' lang='lat' dir='ltr'><strong>spectem</strong></span> 
     </span>
     <span class='ocr_line' id='line_1_4' title="bbox 451 655 2812 741; baseline -0 -20"><span class='ocrx_word' id='word_1_20' title='bbox 451 657 731 738; x_wconf 89' lang='lat' dir='ltr'><strong>dumque</strong></span> <span class='ocrx_word' id='word_1_21' title='bbox 775 676 992 741; x_wconf 89' lang='lat' dir='ltr'><strong>regem</strong></span> <span class='ocrx_word' id='word_1_22' title='bbox 1040 655 1258 740; x_wconf 89' lang='lat' dir='ltr'><strong>effusa,</strong></span> <span class='ocrx_word' id='word_1_23' title='bbox 1308 655 1592 720; x_wconf 89' lang='lat' dir='ltr'><strong>Thrasea</strong></span> <span class='ocrx_word' id='word_1_24' title='bbox 1638 676 1907 721; x_wconf 89' lang='lat' dir='ltr'><strong>occursu</strong></span> <span class='ocrx_word' id='word_1_25' title='bbox 1953 656 2321 740; x_wconf 90' lang='lat' dir='ltr'><strong>prohibitus</strong></span> <span class='ocrx_word' id='word_1_26' title='bbox 2365 678 2498 720; x_wconf 91' lang='lat' dir='ltr'><strong>non</strong></span> <span class='ocrx_word' id='word_1_27' title='bbox 2544 656 2812 721; x_wconf 85' lang='lat' dir='ltr'><strong>demisit</strong></span> 
     </span>
     <span class='ocr_line' id='line_1_5' title="bbox 451 743 2812 829; baseline -0 -20"><span class='ocrx_word' id='word_1_28' title='bbox 451 743 756 828; x_wconf 90' lang='lat' dir='ltr'><strong>animum,</strong></span> <span class='ocrx_word' id='word_1_29' title='bbox 794 745 906 808; x_wconf 89' lang='lat' dir='ltr'><strong>sed</strong></span> <span class='ocrx_word' id='word_1_30' title='bbox 940 744 1270 810; x_wconf 77' lang='lat' dir='ltr'><strong>codicillos</strong></span> <span class='ocrx_word' id='word_1_31' title='bbox 1307 744 1388 808; x_wconf 90' lang='lat' dir='ltr'><strong>ad</strong></span> <span class='ocrx_word' id='word_1_32' title='bbox 1413 743 1741 810; x_wconf 80' lang='lat' dir='ltr'><strong>Neronem</strong></span> <span class='ocrx_word' id='word_1_33' title='bbox 1774 745 2156 829; x_wconf 77' lang='lat' dir='ltr'><strong>composuit,</strong></span> <span class='ocrx_word' id='word_1_34' title='bbox 2192 745 2522 829; x_wconf 88' lang='lat' dir='ltr'><strong>requirens</strong></span> <span class='ocrx_word' id='word_1_35' title='bbox 2551 744 2812 809; x_wconf 85' lang='lat' dir='ltr'><strong>obiecta</strong></span> 
     </span>
     <span class='ocr_line' id='line_1_6' title="bbox 452 833 2810 920; baseline 0 -23"><span class='ocrx_word' id='word_1_36' title='bbox 452 836 517 897; x_wconf 89' lang='lat' dir='ltr'><strong>et</strong></span> <span class='ocrx_word' id='word_1_37' title='bbox 563 836 1068 920; x_wconf 79' lang='lat' dir='ltr'><strong>expurgaturum</strong></span> <span class='ocrx_word' id='word_1_38' title='bbox 1124 834 1531 918; x_wconf 78' lang='lat' dir='ltr'><strong>adseverans,</strong></span> <span class='ocrx_word' id='word_1_39' title='bbox 1587 833 1644 897; x_wconf 91' lang='lat' dir='ltr'><strong>si</strong></span> <span class='ocrx_word' id='word_1_40' title='bbox 1693 833 1994 897; x_wconf 88' lang='lat' dir='ltr'><strong>notitiam</strong></span> <span class='ocrx_word' id='word_1_41' title='bbox 2040 833 2383 898; x_wconf 91' lang='lat' dir='ltr'><strong>criminum</strong></span> <span class='ocrx_word' id='word_1_42' title='bbox 2439 836 2505 896; x_wconf 90' lang='lat' dir='ltr'><strong>et</strong></span> <span class='ocrx_word' id='word_1_43' title='bbox 2550 833 2810 916; x_wconf 83' lang='lat' dir='ltr'><strong>copiam</strong></span> 
     </span>
    </p>

    <p class='ocr_par' dir='ltr' id='par_1_4' title="bbox 398 883 2816 1358">
     <span class='ocr_line' id='line_1_7' title="bbox 398 883 2812 1005; baseline -0 -19"><span class='ocrx_word' id='word_1_44' title='bbox 398 947 423 986; x_wconf 81' lang='lat'><strong>5</strong></span> <span class='ocrx_word' id='word_1_45' title='bbox 453 919 738 986; x_wconf 90' lang='lat' dir='ltr'><strong>diluendi</strong></span> <span class='ocrx_word' id='word_1_46' title='bbox 799 920 1148 986; x_wconf 88' lang='lat' dir='ltr'><strong>habuisset.</strong></span> <span class='ocrx_word' id='word_1_47' title='bbox 1240 943 1348 987; x_wconf 89' lang='lat' dir='ltr'><strong>eos</strong></span> <span class='ocrx_word' id='word_1_48' title='bbox 1413 883 1744 986; x_wconf 83' lang='lat' dir='ltr'><strong>codicillos</strong></span> <span class='ocrx_word' id='word_1_49' title='bbox 1807 920 1983 986; x_wconf 88' lang='lat' dir='ltr'><strong>Nero</strong></span> <span class='ocrx_word' id='word_1_50' title='bbox 2057 925 2477 1005; x_wconf 86' lang='lat' dir='ltr'><strong>properanter</strong></span> <span class='ocrx_word' id='word_1_51' title='bbox 2539 922 2812 1005; x_wconf 84' lang='grc' dir='ltr'><strong>000οΡ11,</strong></span> 
     </span>
     <span class='ocr_line' id='line_1_8' title="bbox 452 1009 2810 1112; baseline -0.001 -37"><span class='ocrx_word' id='word_1_52' title='bbox 452 1032 583 1112; x_wconf 87' lang='grc' dir='ltr'><strong>οΡ0,</strong></span> <span class='ocrx_word' id='word_1_53' title='bbox 621 1010 999 1075; x_wconf 86' lang='lat' dir='ltr'><strong>exterritum</strong></span> <span class='ocrx_word' id='word_1_54' title='bbox 1028 1009 1375 1074; x_wconf 84' lang='lat' dir='ltr'><strong>Thraseam</strong></span> <span class='ocrx_word' id='word_1_55' title='bbox 1409 1010 1760 1094; x_wconf 83' lang='lat' dir='ltr'><strong>scripsisse,</strong></span> <span class='ocrx_word' id='word_1_56' title='bbox 1795 1031 1912 1093; x_wconf 87' lang='lat' dir='ltr'><strong>per</strong></span> <span class='ocrx_word' id='word_1_57' title='bbox 1949 1030 2110 1094; x_wconf 89' lang='lat' dir='ltr'><strong>quae</strong></span> <span class='ocrx_word' id='word_1_58' title='bbox 2148 1009 2595 1074; x_wconf 85' lang='lat' dir='ltr'><strong>claritudinem</strong></span> <span class='ocrx_word' id='word_1_59' title='bbox 2633 1010 2810 1093; x_wconf 88' lang='lat' dir='ltr'><strong>prin-</strong></span> 
     </span>
     <span class='ocr_line' id='line_1_9' title="bbox 453 1085 2816 1183; baseline 0.001 -21"><span class='ocrx_word' id='word_1_60' title='bbox 453 1099 616 1181; x_wconf 89' lang='lat' dir='ltr'><strong>cipis</strong></span> <span class='ocrx_word' id='word_1_61' title='bbox 671 1085 1009 1163; x_wconf 82' lang='lat' dir='ltr'><strong>extolleret</strong></span> <span class='ocrx_word' id='word_1_62' title='bbox 1063 1120 1372 1183; x_wconf 89' lang='lat' dir='ltr'><strong>suamque</strong></span> <span class='ocrx_word' id='word_1_63' title='bbox 1425 1099 1666 1163; x_wconf 86' lang='lat' dir='ltr'><strong>famam</strong></span> <span class='ocrx_word' id='word_1_64' title='bbox 1720 1097 2184 1163; x_wconf 87' lang='lat' dir='ltr'><strong>dehonestaret.</strong></span> <span class='ocrx_word' id='word_1_65' title='bbox 2276 1097 2448 1182; x_wconf 89' lang='lat' dir='ltr'><strong>quod</strong></span> <span class='ocrx_word' id='word_1_66' title='bbox 2501 1097 2616 1161; x_wconf 90' lang='lat' dir='ltr'><strong>ubi</strong></span> <span class='ocrx_word' id='word_1_67' title='bbox 2677 1120 2816 1164; x_wconf 89' lang='grc'><strong>11011</strong></span> 
     </span>
     <span class='ocr_line' id='line_1_10' title="bbox 453 1185 2815 1287; baseline -0 -36"><span class='ocrx_word' id='word_1_68' title='bbox 453 1186 666 1251; x_wconf 87' lang='lat' dir='ltr'><strong>evenit</strong></span> <span class='ocrx_word' id='word_1_69' title='bbox 709 1187 1091 1287; x_wconf 72' lang='lat' dir='ltr'><strong>vultumque</strong></span> <span class='ocrx_word' id='word_1_70' title='bbox 1143 1190 1208 1251; x_wconf 90' lang='lat' dir='ltr'><strong>et</strong></span> <span class='ocrx_word' id='word_1_71' title='bbox 1255 1187 1520 1270; x_wconf 88' lang='lat' dir='ltr'><strong>spiritus</strong></span> <span class='ocrx_word' id='word_1_72' title='bbox 1578 1191 1641 1252; x_wconf 90' lang='lat' dir='ltr'><strong>et</strong></span> <span class='ocrx_word' id='word_1_73' title='bbox 1686 1185 2053 1251; x_wconf 88' lang='lat' dir='ltr'><strong>libertatem</strong></span> <span class='ocrx_word' id='word_1_74' title='bbox 2103 1187 2380 1252; x_wconf 89' lang='lat' dir='ltr'><strong>insontis</strong></span> <span class='ocrx_word' id='word_1_75' title='bbox 2425 1186 2601 1250; x_wconf 88' lang='lat' dir='ltr'><strong>ultro</strong></span> <span class='ocrx_word' id='word_1_76' title='bbox 2652 1187 2815 1250; x_wconf 82' lang='lat' dir='ltr'><strong>exti-</strong></span> 
     </span>
     <span class='ocr_line' id='line_1_11' title="bbox 453 1274 1399 1358; baseline 0 -18"><span class='ocrx_word' id='word_1_77' title='bbox 453 1276 635 1358; x_wconf 87' lang='lat' dir='ltr'><strong>muit,</strong></span> <span class='ocrx_word' id='word_1_78' title='bbox 680 1274 897 1339; x_wconf 90' lang='lat' dir='ltr'><strong>vocari</strong></span> <span class='ocrx_word' id='word_1_79' title='bbox 941 1278 1158 1358; x_wconf 69' lang='lat' dir='ltr'><strong>pata-es</strong></span> <span class='ocrx_word' id='word_1_80' title='bbox 1204 1275 1399 1340; x_wconf 89' lang='lat' dir='ltr'><strong>iubet.</strong></span> 
     </span>
    </p>

    <p class='ocr_par' dir='ltr' id='par_1_5' title="bbox 345 1361 2815 1713">
     <span class='ocr_line' id='line_1_12' title="bbox 345 1361 2815 1447; baseline -0.001 -18"><span class='ocrx_word' id='word_1_81' title='bbox 345 1363 432 1429; x_wconf 83' lang='lat'><strong>25</strong></span> <span class='ocrx_word' id='word_1_82' title='bbox 630 1361 795 1426; x_wconf 90' lang='lat' dir='ltr'><strong>Tum</strong></span> <span class='ocrx_word' id='word_1_83' title='bbox 841 1361 1124 1427; x_wconf 87' lang='lat' dir='ltr'><strong>Thrasea</strong></span> <span class='ocrx_word' id='word_1_84' title='bbox 1167 1363 1336 1428; x_wconf 89' lang='lat' dir='ltr'><strong>inter</strong></span> <span class='ocrx_word' id='word_1_85' title='bbox 1378 1364 1711 1447; x_wconf 82' lang='lat' dir='ltr'><strong>proximos</strong></span> <span class='ocrx_word' id='word_1_86' title='bbox 1756 1363 2174 1447; x_wconf 83' lang='lat' dir='ltr'><strong>consultavit,</strong></span> <span class='ocrx_word' id='word_1_87' title='bbox 2231 1367 2659 1447; x_wconf 85' lang='lat' dir='ltr'><strong>temptaretne</strong></span> <span class='ocrx_word' id='word_1_88' title='bbox 2708 1363 2815 1426; x_wconf 90' lang='lat' dir='ltr'><strong>de·</strong></span> 
     </span>
     <span class='ocr_line' id='line_1_13' title="bbox 451 1450 2814 1536; baseline 0 -21"><span class='ocrx_word' id='word_1_89' title='bbox 451 1450 809 1515; x_wconf 79' lang='lat' dir='ltr'><strong>sensionem</strong></span> <span class='ocrx_word' id='word_1_90' title='bbox 856 1473 940 1515; x_wconf 90' lang='lat' dir='ltr'><strong>an</strong></span> <span class='ocrx_word' id='word_1_91' title='bbox 981 1455 1325 1536; x_wconf 87' lang='lat' dir='ltr'><strong>sperneret.</strong></span> <span class='ocrx_word' id='word_1_92' title='bbox 1408 1452 1661 1517; x_wconf 87' lang='lat' dir='ltr'><strong>diversa</strong></span> <span class='ocrx_word' id='word_1_93' title='bbox 1705 1452 1972 1516; x_wconf 87' lang='lat' dir='ltr'><strong>consilia</strong></span> <span class='ocrx_word' id='word_1_94' title='bbox 2018 1452 2486 1517; x_wconf 90' lang='lat' dir='ltr'><strong>adferebantur.</strong></span> <span class='ocrx_word' id='word_1_95' title='bbox 2569 1451 2814 1534; x_wconf 87' lang='lat' dir='ltr'><strong>quibus</strong></span> 
     </span>
     <span class='ocr_line' id='line_1_14' title="bbox 453 1539 2814 1624; baseline 0 -23"><span class='ocrx_word' id='word_1_96' title='bbox 453 1540 682 1602; x_wconf 89' lang='lat' dir='ltr'><strong>intrari</strong></span> <span class='ocrx_word' id='word_1_97' title='bbox 728 1539 970 1603; x_wconf 88' lang='lat' dir='ltr'><strong>curiam</strong></span> <span class='ocrx_word' id='word_1_98' title='bbox 1016 1539 1336 1624; x_wconf 85' lang='lat' dir='ltr'><strong>placebat</strong></span> <span class='ocrx_word' id='word_1_99' title='bbox 1395 1562 1653 1605; x_wconf 89' lang='lat' dir='ltr'><strong>securos</strong></span> <span class='ocrx_word' id='word_1_100' title='bbox 1700 1562 1838 1606; x_wconf 88' lang='lat' dir='ltr'><strong>esse</strong></span> <span class='ocrx_word' id='word_1_101' title='bbox 1894 1541 1971 1605; x_wconf 93' lang='lat' dir='ltr'><strong>de</strong></span> <span class='ocrx_word' id='word_1_102' title='bbox 2018 1541 2381 1605; x_wconf 89' lang='lat' dir='ltr'><strong>constantia</strong></span> <span class='ocrx_word' id='word_1_103' title='bbox 2429 1540 2567 1604; x_wconf 91' lang='lat' dir='ltr'><strong>eius</strong></span> <span class='ocrx_word' id='word_1_104' title='bbox 2613 1539 2814 1603; x_wconf 89' lang='lat' dir='ltr'><strong>disse-</strong></span> 
     </span>
     <span class='ocr_line' id='line_1_15' title="bbox 453 1625 2815 1713; baseline 0.001 -25"><span class='ocrx_word' id='word_1_105' title='bbox 453 1630 632 1710; x_wconf 81' lang='lat' dir='ltr'><strong>runt3</strong></span> <span class='ocrx_word' id='word_1_106' title='bbox 684 1625 851 1690; x_wconf 90' lang='lat' dir='ltr'><strong>nihil</strong></span> <span class='ocrx_word' id='word_1_107' title='bbox 897 1626 1246 1712; x_wconf 87' lang='lat' dir='ltr'><strong>dicturum,</strong></span> <span class='ocrx_word' id='word_1_108' title='bbox 1294 1628 1422 1691; x_wconf 86' lang='lat' dir='ltr'><strong>nisi</strong></span> <span class='ocrx_word' id='word_1_109' title='bbox 1470 1650 1599 1712; x_wconf 90' lang='lat' dir='ltr'><strong>quo</strong></span> <span class='ocrx_word' id='word_1_110' title='bbox 1646 1629 1922 1712; x_wconf 87' lang='lat' dir='ltr'><strong>gloriam</strong></span> <span class='ocrx_word' id='word_1_111' title='bbox 1970 1632 2258 1713; x_wconf 70' lang='lat' dir='ltr'><strong>augeret,</strong></span> <span class='ocrx_word' id='word_1_112' title='bbox 2315 1649 2543 1713; x_wconf 84' lang='lat' dir='ltr'><strong>segnes</strong></span> <span class='ocrx_word' id='word_1_113' title='bbox 2589 1631 2656 1691; x_wconf 92' lang='lat' dir='ltr'><strong>et</strong></span> <span class='ocrx_word' id='word_1_114' title='bbox 2700 1650 2815 1711; x_wconf 92' lang='lat' dir='ltr'><strong>pa-</strong></span> 
     </span>
    </p>

    <p class='ocr_par' dir='ltr' id='par_1_6' title="bbox 399 1713 2813 2154">
     <span class='ocr_line' id='line_1_16' title="bbox 399 1713 2813 1800; baseline -0.001 -18"><span class='ocrx_word' id='word_1_115' title='bbox 399 1742 426 1782; x_wconf 76' lang='lat'><strong>5</strong></span> <span class='ocrx_word' id='word_1_116' title='bbox 454 1713 638 1777; x_wconf 91' lang='lat' dir='ltr'><strong>vidos</strong></span> <span class='ocrx_word' id='word_1_117' title='bbox 700 1715 1017 1797; x_wconf 89' lang='lat' dir='ltr'><strong>supremis</strong></span> <span class='ocrx_word' id='word_1_118' title='bbox 1076 1715 1210 1779; x_wconf 86' lang='lat' dir='ltr'><strong>suis</strong></span> <span class='ocrx_word' id='word_1_119' title='bbox 1275 1720 1592 1780; x_wconf 90' lang='lat' dir='ltr'><strong>secretum</strong></span> <span class='ocrx_word' id='word_1_120' title='bbox 1657 1717 2076 1781; x_wconf 87' lang='lat' dir='ltr'><strong>circumdare:</strong></span> <span class='ocrx_word' id='word_1_121' title='bbox 2148 1717 2465 1800; x_wconf 88' lang='lat' dir='ltr'><strong>aspiceret</strong></span> <span class='ocrx_word' id='word_1_122' title='bbox 2527 1716 2813 1800; x_wconf 88' lang='lat' dir='ltr'><strong>populus</strong></span> 
     </span>
     <span class='ocr_line' id='line_1_17' title="bbox 453 1801 2809 1907; baseline 0 -42"><span class='ocrx_word' id='word_1_123' title='bbox 453 1801 665 1866; x_wconf 90' lang='lat' dir='ltr'><strong>virum</strong></span> <span class='ocrx_word' id='word_1_124' title='bbox 722 1802 920 1866; x_wconf 88' lang='lat' dir='ltr'><strong>morti</strong></span> <span class='ocrx_word' id='word_1_125' title='bbox 973 1802 1264 1888; x_wconf 89' lang='lat' dir='ltr'><strong>obvium,</strong></span> <span class='ocrx_word' id='word_1_126' title='bbox 1327 1804 1580 1868; x_wconf 87' lang='lat' dir='ltr'><strong>audiret</strong></span> <span class='ocrx_word' id='word_1_127' title='bbox 1644 1809 1904 1871; x_wconf 89' lang='lat' dir='ltr'><strong>senatus</strong></span> <span class='ocrx_word' id='word_1_128' title='bbox 1956 1827 2146 1870; x_wconf 91' lang='lat' dir='ltr'><strong>voces</strong></span> <span class='ocrx_word' id='word_1_129' title='bbox 2209 1806 2393 1907; x_wconf 77' lang='lat' dir='ltr'><strong>quasi</strong></span> <span class='ocrx_word' id='word_1_130' title='bbox 2452 1826 2532 1868; x_wconf 82' lang='lat' dir='ltr'><strong>ex</strong></span> <span class='ocrx_word' id='word_1_131' title='bbox 2587 1803 2809 1888; x_wconf 81' lang='lat' dir='ltr'><strong>aliquo</strong></span> 
     </span>
     <span class='ocr_line' id='line_1_18' title="bbox 454 1891 2811 1994; baseline 0 -39"><span class='ocrx_word' id='word_1_132' title='bbox 454 1891 716 1956; x_wconf 90' lang='lat' dir='ltr'><strong>numine</strong></span> <span class='ocrx_word' id='word_1_133' title='bbox 769 1913 974 1994; x_wconf 45' lang='lat' dir='ltr'><strong>supra·</strong></span> <span class='ocrx_word' id='word_1_134' title='bbox 1016 1891 1358 1957; x_wconf 84' lang='lat' dir='ltr'><strong>humanas:</strong></span> <span class='ocrx_word' id='word_1_135' title='bbox 1412 1915 1604 1977; x_wconf 91' lang='lat' dir='ltr'><strong>posse</strong></span> <span class='ocrx_word' id='word_1_136' title='bbox 1665 1894 1806 1977; x_wconf 90' lang='lat' dir='ltr'><strong>ipso</strong></span> <span class='ocrx_word' id='word_1_137' title='bbox 1862 1894 2172 1958; x_wconf 87' lang='lat' dir='ltr'><strong>miraculo</strong></span> <span class='ocrx_word' id='word_1_138' title='bbox 2230 1893 2425 1957; x_wconf 89' lang='lat' dir='ltr'><strong>etiam</strong></span> <span class='ocrx_word' id='word_1_139' title='bbox 2478 1891 2811 1958; x_wconf 86' lang='lat' dir='ltr'><strong>Neronem</strong></span> 
     </span>
     <span class='ocr_line' id='line_1_19' title="bbox 453 1979 2813 2067; baseline -0 -23"><span class='ocrx_word' id='word_1_140' title='bbox 453 1981 831 2063; x_wconf 83' lang='lat' dir='ltr'><strong>permoveri.</strong></span> <span class='ocrx_word' id='word_1_141' title='bbox 923 1980 1024 2045; x_wconf 88' lang='grc'><strong>0111</strong></span> <span class='ocrx_word' id='word_1_142' title='bbox 1069 1981 1436 2047; x_wconf 85' lang='lat' dir='ltr'><strong>crudelitati</strong></span> <span class='ocrx_word' id='word_1_143' title='bbox 1481 1982 1835 2066; x_wconf 88' lang='lat' dir='ltr'><strong>insisteret,</strong></span> <span class='ocrx_word' id='word_1_144' title='bbox 1890 1982 2203 2067; x_wconf 89' lang='lat' dir='ltr'><strong>distingui</strong></span> <span class='ocrx_word' id='word_1_145' title='bbox 2254 1985 2426 2046; x_wconf 90' lang='lat' dir='ltr'><strong>certe</strong></span> <span class='ocrx_word' id='word_1_146' title='bbox 2480 1979 2652 2064; x_wconf 89' lang='lat' dir='ltr'><strong>apud</strong></span> <span class='ocrx_word' id='word_1_147' title='bbox 2697 2002 2813 2064; x_wconf 91' lang='lat' dir='ltr'><strong>po-</strong></span> 
     </span>
     <span class='ocr_line' id='line_1_20' title="bbox 456 2069 2813 2154; baseline -0 -21"><span class='ocrx_word' id='word_1_148' title='bbox 456 2072 663 2134; x_wconf 87' lang='lat' dir='ltr'><strong>steros</strong></span> <span class='ocrx_word' id='word_1_149' title='bbox 708 2070 1085 2134; x_wconf 88' lang='lat' dir='ltr'><strong>memoriam</strong></span> <span class='ocrx_word' id='word_1_150' title='bbox 1129 2070 1387 2135; x_wconf 90' lang='lat' dir='ltr'><strong>honesti</strong></span> <span class='ocrx_word' id='word_1_151' title='bbox 1433 2070 1646 2135; x_wconf 82' lang='lat' dir='ltr'><strong>exitus</strong></span> <span class='ocrx_word' id='word_1_152' title='bbox 1703 2070 1783 2134; x_wconf 90' lang='lat' dir='ltr'><strong>ab</strong></span> <span class='ocrx_word' id='word_1_153' title='bbox 1829 2070 2089 2154; x_wconf 90' lang='lat' dir='ltr'><strong>ignavia</strong></span> <span class='ocrx_word' id='word_1_154' title='bbox 2133 2091 2249 2153; x_wconf 94' lang='lat' dir='ltr'><strong>per</strong></span> <span class='ocrx_word' id='word_1_155' title='bbox 2294 2069 2623 2134; x_wconf 89' lang='lat' dir='ltr'><strong>silentium</strong></span> <span class='ocrx_word' id='word_1_156' title='bbox 2671 2091 2813 2152; x_wconf 91' lang='lat' dir='ltr'><strong>per·</strong></span> 
     </span>
    </p>

    <p class='ocr_par' dir='ltr' id='par_1_7' title="bbox 374 2158 763 2222">
     <span class='ocr_line' id='line_1_21' title="bbox 374 2158 763 2222; baseline -0.003 0"><span class='ocrx_word' id='word_1_157' title='bbox 374 2184 429 2222; x_wconf 87' lang='lat'><strong>10</strong></span> <span class='ocrx_word' id='word_1_158' title='bbox 457 2158 763 2222; x_wconf 89' lang='lat' dir='ltr'><strong>euntium.</strong></span> 
     </span>
    </p>

    <p class='ocr_par' dir='ltr' id='par_1_8' title="bbox 350 2244 2815 2595">
     <span class='ocr_line' id='line_1_22' title="bbox 350 2244 2815 2331; baseline 0 -22"><span class='ocrx_word' id='word_1_159' title='bbox 350 2246 435 2310; x_wconf 81' lang='lat'><strong>26</strong></span> <span class='ocrx_word' id='word_1_160' title='bbox 637 2245 879 2310; x_wconf 83' lang='lat' dir='ltr'><strong>Contra</strong></span> <span class='ocrx_word' id='word_1_161' title='bbox 923 2247 1035 2328; x_wconf 89' lang='lat' dir='ltr'><strong>qui</strong></span> <span class='ocrx_word' id='word_1_162' title='bbox 1082 2247 1543 2331; x_wconf 90' lang='lat' dir='ltr'><strong>opperiendum</strong></span> <span class='ocrx_word' id='word_1_163' title='bbox 1592 2245 1766 2309; x_wconf 92' lang='lat' dir='ltr'><strong>domi</strong></span> <span class='ocrx_word' id='word_1_164' title='bbox 1812 2245 2175 2330; x_wconf 86' lang='lat' dir='ltr'><strong>censebant,</strong></span> <span class='ocrx_word' id='word_1_165' title='bbox 2222 2245 2300 2310; x_wconf 92' lang='lat' dir='ltr'><strong>de</strong></span> <span class='ocrx_word' id='word_1_166' title='bbox 2346 2245 2488 2330; x_wconf 90' lang='lat' dir='ltr'><strong>ipso</strong></span> <span class='ocrx_word' id='word_1_167' title='bbox 2527 2244 2815 2318; x_wconf 81' lang='lat' dir='ltr'><strong>Thrasea</strong></span> 
     </span>
     <span class='ocr_line' id='line_1_23' title="bbox 458 2333 2812 2419; baseline 0 -21"><span class='ocrx_word' id='word_1_168' title='bbox 458 2333 695 2419; x_wconf 87' lang='lat' dir='ltr'><strong>eadem,</strong></span> <span class='ocrx_word' id='word_1_169' title='bbox 741 2334 853 2399; x_wconf 90' lang='lat' dir='ltr'><strong>sed</strong></span> <span class='ocrx_word' id='word_1_170' title='bbox 886 2333 1170 2399; x_wconf 90' lang='lat' dir='ltr'><strong>ludibria</strong></span> <span class='ocrx_word' id='word_1_171' title='bbox 1214 2339 1278 2400; x_wconf 89' lang='lat' dir='ltr'><strong>et</strong></span> <span class='ocrx_word' id='word_1_172' title='bbox 1315 2334 1738 2400; x_wconf 87' lang='lat' dir='ltr'><strong>contumelias</strong></span> <span class='ocrx_word' id='word_1_173' title='bbox 1774 2334 2133 2400; x_wconf 86' lang='lat' dir='ltr'><strong>imminere:</strong></span> <span class='ocrx_word' id='word_1_174' title='bbox 2180 2334 2589 2400; x_wconf 88' lang='lat' dir='ltr'><strong>subtraheret</strong></span> <span class='ocrx_word' id='word_1_175' title='bbox 2624 2355 2812 2399; x_wconf 82' lang='lat' dir='ltr'><strong>aures</strong></span> 
     </span>
     <span class='ocr_line' id='line_1_24' title="bbox 459 2421 2813 2507; baseline 0 -21"><span class='ocrx_word' id='word_1_176' title='bbox 459 2421 765 2486; x_wconf 89' lang='lat' dir='ltr'><strong>conviciis</strong></span> <span class='ocrx_word' id='word_1_177' title='bbox 822 2424 885 2485; x_wconf 88' lang='lat' dir='ltr'><strong>et</strong></span> <span class='ocrx_word' id='word_1_178' title='bbox 930 2423 1203 2505; x_wconf 87' lang='lat' dir='ltr'><strong>probris.</strong></span> <span class='ocrx_word' id='word_1_179' title='bbox 1293 2445 1426 2487; x_wconf 90' lang='lat' dir='ltr'><strong>non</strong></span> <span class='ocrx_word' id='word_1_180' title='bbox 1472 2423 1684 2487; x_wconf 88' lang='lat' dir='ltr'><strong>solum</strong></span> <span class='ocrx_word' id='word_1_181' title='bbox 1733 2422 2185 2488; x_wconf 83' lang='lat' dir='ltr'><strong>Cossutianum</strong></span> <span class='ocrx_word' id='word_1_182' title='bbox 2241 2428 2353 2488; x_wconf 90' lang='lat' dir='ltr'><strong>aut</strong></span> <span class='ocrx_word' id='word_1_183' title='bbox 2398 2423 2673 2507; x_wconf 77' lang='lat' dir='ltr'><strong>Eprium</strong></span> <span class='ocrx_word' id='word_1_184' title='bbox 2729 2423 2813 2486; x_wconf 90' lang='lat' dir='ltr'><strong>ad</strong></span> 
     </span>
     <span class='ocr_line' id='line_1_25' title="bbox 459 2508 2814 2595; baseline 0 -21"><span class='ocrx_word' id='word_1_185' title='bbox 459 2508 666 2574; x_wconf 91' lang='lat' dir='ltr'><strong>scelus</strong></span> <span class='ocrx_word' id='word_1_186' title='bbox 719 2513 1083 2592; x_wconf 86' lang='lat' dir='ltr'><strong>promptos:</strong></span> <span class='ocrx_word' id='word_1_187' title='bbox 1148 2531 1480 2594; x_wconf 88' lang='lat' dir='ltr'><strong>superesse</strong></span> <span class='ocrx_word' id='word_1_188' title='bbox 1548 2511 1661 2594; x_wconf 90' lang='lat' dir='ltr'><strong>qui</strong></span> <span class='ocrx_word' id='word_1_189' title='bbox 1714 2511 1987 2576; x_wconf 88' lang='lat' dir='ltr'><strong>forsitan</strong></span> <span class='ocrx_word' id='word_1_190' title='bbox 2044 2534 2274 2577; x_wconf 88' lang='lat' dir='ltr'><strong>manus</strong></span> <span class='ocrx_word' id='word_1_191' title='bbox 2337 2513 2633 2595; x_wconf 89' lang='lat' dir='ltr'><strong>ictusque</strong></span> <span class='ocrx_word' id='word_1_192' title='bbox 2696 2533 2814 2594; x_wconf 89' lang='lat' dir='ltr'><strong>per</strong></span> 
     </span>
    </p>

    <p class='ocr_par' dir='ltr' id='par_1_9' title="bbox 404 2597 2814 2863">
     <span class='ocr_line' id='line_1_26' title="bbox 404 2597 2813 2684; baseline -0.001 -19"><span class='ocrx_word' id='word_1_193' title='bbox 404 2625 431 2666; x_wconf 79' lang='lat'><strong>5</strong></span> <span class='ocrx_word' id='word_1_194' title='bbox 457 2597 925 2662; x_wconf 83' lang='lat' dir='ltr'><strong>immanitatem</strong></span> <span class='ocrx_word' id='word_1_195' title='bbox 980 2598 1296 2682; x_wconf 90' lang='lat' dir='ltr'><strong>ingesturi</strong></span> <span class='ocrx_word' id='word_1_196' title='bbox 1351 2599 1508 2684; x_wconf 86' lang='lat' dir='ltr'><strong>sint3</strong></span> <span class='ocrx_word' id='word_1_197' title='bbox 1570 2599 1764 2663; x_wconf 88' lang='lat' dir='ltr'><strong>etiam</strong></span> <span class='ocrx_word' id='word_1_198' title='bbox 1819 2600 2025 2664; x_wconf 89' lang='lat' dir='ltr'><strong>bonos</strong></span> <span class='ocrx_word' id='word_1_199' title='bbox 2080 2603 2257 2663; x_wconf 90' lang='lat' dir='ltr'><strong>metu</strong></span> <span class='ocrx_word' id='word_1_200' title='bbox 2315 2600 2513 2684; x_wconf 87' lang='lat' dir='ltr'><strong>sequi.</strong></span> <span class='ocrx_word' id='word_1_201' title='bbox 2606 2599 2813 2663; x_wconf 89' lang='lat' dir='ltr'><strong>detra-</strong></span> 
     </span>
     <span class='ocr_line' id='line_1_27' title="bbox 456 2686 2811 2789; baseline -0 -38"><span class='ocrx_word' id='word_1_202' title='bbox 456 2687 640 2751; x_wconf 89' lang='lat' dir='ltr'><strong>heret</strong></span> <span class='ocrx_word' id='word_1_203' title='bbox 692 2686 911 2770; x_wconf 89' lang='lat' dir='ltr'><strong>potius</strong></span> <span class='ocrx_word' id='word_1_204' title='bbox 971 2688 1248 2772; x_wconf 89' lang='lat' dir='ltr'><strong>senatui,</strong></span> <span class='ocrx_word' id='word_1_205' title='bbox 1301 2709 1492 2771; x_wconf 88' lang='lat' dir='ltr'><strong>quem</strong></span> <span class='ocrx_word' id='word_1_206' title='bbox 1546 2688 2047 2789; x_wconf 87' lang='lat' dir='ltr'><strong>perornavisset,</strong></span> <span class='ocrx_word' id='word_1_207' title='bbox 2102 2687 2433 2752; x_wconf 83' lang='lat' dir='ltr'><strong>infamiam</strong></span> <span class='ocrx_word' id='word_1_208' title='bbox 2487 2688 2655 2752; x_wconf 89' lang='lat' dir='ltr'><strong>tanti</strong></span> <span class='ocrx_word' id='word_1_209' title='bbox 2701 2687 2811 2750; x_wconf 88' lang='lat' dir='ltr'><strong>fla-</strong></span> 
     </span>
     <span class='ocr_line' id='line_1_28' title="bbox 458 2774 2814 2863; baseline 0 -24"><span class='ocrx_word' id='word_1_210' title='bbox 458 2775 602 2862; x_wconf 88' lang='lat' dir='ltr'><strong>gitii</strong></span> <span class='ocrx_word' id='word_1_211' title='bbox 614 2826 632 2859; x_wconf 94' lang='lat'><strong>,</strong></span> <span class='ocrx_word' id='word_1_212' title='bbox 678 2779 743 2840; x_wconf 88' lang='lat' dir='ltr'><strong>et</strong></span> <span class='ocrx_word' id='word_1_213' title='bbox 787 2774 1178 2863; x_wconf 87' lang='lat' dir='ltr'><strong>relinqueret</strong></span> <span class='ocrx_word' id='word_1_214' title='bbox 1223 2776 1568 2861; x_wconf 89' lang='lat' dir='ltr'><strong>incertum,</strong></span> <span class='ocrx_word' id='word_1_215' title='bbox 1619 2776 1775 2861; x_wconf 89' lang='lat' dir='ltr'><strong>quid</strong></span> <span class='ocrx_word' id='word_1_216' title='bbox 1819 2776 1960 2841; x_wconf 88' lang='lat' dir='ltr'><strong>viso</strong></span> <span class='ocrx_word' id='word_1_217' title='bbox 2007 2776 2291 2840; x_wconf 89' lang='lat' dir='ltr'><strong>Thrasea</strong></span> <span class='ocrx_word' id='word_1_218' title='bbox 2335 2797 2444 2840; x_wconf 92' lang='lat' dir='ltr'><strong>reo</strong></span> <span class='ocrx_word' id='word_1_219' title='bbox 2492 2775 2814 2840; x_wconf 88' lang='lat' dir='ltr'><strong>decreturi</strong></span> 
     </span>
    </p>
   </div>
   <div class='ocr_carea' id='block_1_3' title="bbox 460 2902 888 2910">
    <p class='ocr_par' dir='ltr' id='par_1_10' title="bbox 460 2902 888 2910">
     <span class='ocr_line' id='line_1_29' title="bbox 460 2902 888 2910; baseline 0 0"><span class='ocrx_word' id='word_1_220' title='bbox 460 2902 888 2910; x_wconf 95' lang='lat' dir='ltr'><strong> </strong></span> 
     </span>
    </p>
   </div>
   <div class='ocr_carea' id='block_1_4' title="bbox 460 2966 2815 4447">
    <p class='ocr_par' dir='ltr' id='par_1_11' title="bbox 460 2966 2814 3532">
     <span class='ocr_line' id='line_1_30' title="bbox 637 2966 2811 3048; baseline -0.001 -26"><span class='ocrx_word' id='word_1_221' title='bbox 637 2966 736 3023; x_wconf 80' lang='grc'><strong>24.</strong></span> <span class='ocrx_word' id='word_1_222' title='bbox 797 2974 842 3023; x_wconf 92' lang='grc'><strong>1.</strong></span> <span class='ocrx_word' id='word_1_223' title='bbox 892 2968 1283 3037; x_wconf 79' lang='lat' dir='ltr'><strong>excipiendum.</strong></span> <span class='ocrx_word' id='word_1_224' title='bbox 1357 2967 1434 3020; x_wconf 87' lang='lat' dir='ltr'><strong>Er</strong></span> <span class='ocrx_word' id='word_1_225' title='bbox 1486 2968 1621 3022; x_wconf 87' lang='lat' dir='ltr'><strong>kam</strong></span> <span class='ocrx_word' id='word_1_226' title='bbox 1677 2984 1778 3021; x_wconf 90' lang='lat' dir='ltr'><strong>aus</strong></span> <span class='ocrx_word' id='word_1_227' title='bbox 1834 2966 2193 3036; x_wconf 87' lang='lat' dir='ltr'><strong>Campanien,</strong></span> <span class='ocrx_word' id='word_1_228' title='bbox 2248 2967 2527 3048; x_wconf 83' lang='lat' dir='ltr'><strong>nachdem</strong></span> <span class='ocrx_word' id='word_1_229' title='bbox 2581 2983 2643 3021; x_wconf 90' lang='lat' dir='ltr'><strong>er</strong></span> <span class='ocrx_word' id='word_1_230' title='bbox 2700 2967 2811 3020; x_wconf 89' lang='lat' dir='ltr'><strong>den</strong></span> 
     </span>
     <span class='ocr_line' id='line_1_31' title="bbox 464 3037 2812 3119; baseline -0.002 -26"><span class='ocrx_word' id='word_1_231' title='bbox 464 3038 789 3094; x_wconf 78' lang='lat' dir='ltr'><strong>Tiridates</strong></span> <span class='ocrx_word' id='word_1_232' title='bbox 772 3056 833 3092; x_wconf 93' lang='lat' dir='ltr'><strong>m</strong></span> <span class='ocrx_word' id='word_1_233' title='bbox 859 3038 1076 3119; x_wconf 86' lang='lat' dir='ltr'><strong>Neapel</strong></span> <span class='ocrx_word' id='word_1_234' title='bbox 1104 3039 1442 3109; x_wconf 85' lang='lat' dir='ltr'><strong>empfangen</strong></span> <span class='ocrx_word' id='word_1_235' title='bbox 1468 3039 1646 3093; x_wconf 87' lang='lat' dir='ltr'><strong>hatte.</strong></span> <span class='ocrx_word' id='word_1_236' title='bbox 1697 3040 1705 3108; x_wconf 83' lang='grc' dir='ltr'>Ι</span> <span class='ocrx_word' id='word_1_237' title='bbox 1757 3045 1806 3092; x_wconf 93' lang='grc'><strong>2.</strong></span> <span class='ocrx_word' id='word_1_238' title='bbox 1845 3054 2071 3093; x_wconf 86' lang='lat' dir='ltr'><strong>occursu</strong></span> <span class='ocrx_word' id='word_1_239' title='bbox 2090 3038 2420 3108; x_wconf 82' lang='lat' dir='ltr'><strong>prohibitus,</strong></span> <span class='ocrx_word' id='word_1_240' title='bbox 2448 3037 2540 3092; x_wconf 90' lang='lat' dir='ltr'><strong>ein</strong></span> <span class='ocrx_word' id='word_1_241' title='bbox 2569 3037 2812 3092; x_wconf 87' lang='lat' dir='ltr'><strong>Zeichen</strong></span> 
     </span>
     <span class='ocr_line' id='line_1_32' title="bbox 462 3109 2814 3192; baseline -0.001 -28"><span class='ocrx_word' id='word_1_242' title='bbox 462 3110 561 3164; x_wconf 87' lang='lat' dir='ltr'><strong>der</strong></span> <span class='ocrx_word' id='word_1_243' title='bbox 586 3109 1023 3179; x_wconf 74' lang='grc' dir='ltr'><strong>1111300410,Μο</strong></span> <span class='ocrx_word' id='word_1_244' title='bbox 1054 3114 1137 3178; x_wconf 82' lang='lat'><strong>15,</strong></span> <span class='ocrx_word' id='word_1_245' title='bbox 1168 3116 1234 3163; x_wconf 88' lang='grc'><strong>23</strong></span> <span class='ocrx_word' id='word_1_246' title='bbox 1270 3111 1572 3164; x_wconf 81' lang='lat' dir='ltr'><strong>Thraseam</strong></span> <span class='ocrx_word' id='word_1_247' title='bbox 1602 3109 1937 3192; x_wconf 78' lang='lat' dir='ltr'><strong>prohibitum</strong></span> <span class='ocrx_word' id='word_1_248' title='bbox 1974 3109 2179 3164; x_wconf 87' lang='lat' dir='ltr'><strong>inmoto</strong></span> <span class='ocrx_word' id='word_1_249' title='bbox 2207 3109 2392 3164; x_wconf 75' lang='grc' dir='ltr'><strong>0οίοω</strong></span> <span class='ocrx_word' id='word_1_250' title='bbox 2415 3110 2814 3178; x_wconf 75' lang='lat' dir='ltr'><strong>praenuntiam</strong></span> 
     </span>
     <span class='ocr_line' id='line_1_33' title="bbox 460 3179 2814 3276; baseline -0.001 -42"><span class='ocrx_word' id='word_1_251' title='bbox 460 3181 793 3235; x_wconf 72' lang='lat' dir='ltr'><strong>immimentis</strong></span> <span class='ocrx_word' id='word_1_252' title='bbox 828 3180 1009 3234; x_wconf 89' lang='lat' dir='ltr'><strong>caedis</strong></span> <span class='ocrx_word' id='word_1_253' title='bbox 1034 3179 1415 3235; x_wconf 79' lang='lat' dir='ltr'><strong>contumeliam</strong></span> <span class='ocrx_word' id='word_1_254' title='bbox 1441 3197 1721 3248; x_wconf 73' lang='lat' dir='ltr'><strong>excepisse.</strong></span> <span class='ocrx_word' id='word_1_255' title='bbox 1773 3183 1781 3247; x_wconf 85' lang='grc' dir='ltr'>Ι</span> <span class='ocrx_word' id='word_1_256' title='bbox 1833 3185 1883 3232; x_wconf 98' lang='grc'><strong>4.</strong></span> <span class='ocrx_word' id='word_1_257' title='bbox 1922 3196 2098 3248; x_wconf 80' lang='lat' dir='ltr'><strong>expwr</strong></span> <span class='ocrx_word' id='word_1_258' title='bbox 1981 3185 2358 3276; x_wconf 70' lang='lat' dir='ltr'><strong>pquaturwm</strong></span> <span class='ocrx_word' id='word_1_259' title='bbox 2391 3196 2464 3233; x_wconf 90' lang='grc'><strong>00.</strong></span> <span class='ocrx_word' id='word_1_260' title='bbox 2495 3179 2747 3235; x_wconf 77' lang='lat' dir='ltr'><strong>obiecta‘</strong></span> <span class='ocrx_word' id='word_1_261' title='bbox 2752 3195 2814 3232; x_wconf 87' lang='lat' dir='ltr'><strong>er</strong></span> 
     </span>
     <span class='ocr_line' id='line_1_34' title="bbox 461 3248 2814 3330; baseline -0.001 -27"><span class='ocrx_word' id='word_1_262' title='bbox 461 3250 646 3303; x_wconf 85' lang='lat' dir='ltr'><strong>werde</strong></span> <span class='ocrx_word' id='word_1_263' title='bbox 685 3248 834 3302; x_wconf 86' lang='lat' dir='ltr'><strong>sich</strong></span> <span class='ocrx_word' id='word_1_264' title='bbox 871 3264 963 3302; x_wconf 88' lang='lat' dir='ltr'><strong>we</strong></span> <span class='ocrx_word' id='word_1_265' title='bbox 973 3264 1101 3316; x_wconf 87' lang='lat' dir='ltr'><strong>gen</strong></span> <span class='ocrx_word' id='word_1_266' title='bbox 1139 3249 1238 3302; x_wconf 89' lang='lat' dir='ltr'><strong>der</strong></span> <span class='ocrx_word' id='word_1_267' title='bbox 1263 3249 1795 3320; x_wconf 84' lang='lat' dir='ltr'><strong>Beschuldigungen</strong></span> <span class='ocrx_word' id='word_1_268' title='bbox 1830 3249 2278 3330; x_wconf 77' lang='lat' dir='ltr'><strong>rechtfertigen&#39;,</strong></span> <span class='ocrx_word' id='word_1_269' title='bbox 2314 3250 2522 3304; x_wconf 90' lang='lat' dir='ltr'><strong>beruht</strong></span> <span class='ocrx_word' id='word_1_270' title='bbox 2558 3249 2661 3304; x_wconf 88' lang='lat' dir='ltr'><strong>auf</strong></span> <span class='ocrx_word' id='word_1_271' title='bbox 2682 3248 2814 3301; x_wconf 90' lang='lat' dir='ltr'><strong>dem</strong></span> 
     </span>
     <span class='ocr_line' id='line_1_35' title="bbox 463 3317 2808 3404; baseline -0.001 -31"><span class='ocrx_word' id='word_1_272' title='bbox 463 3326 521 3386; x_wconf 88' lang='lat'><strong>3,</strong></span> <span class='ocrx_word' id='word_1_273' title='bbox 561 3324 656 3387; x_wconf 90' lang='grc'><strong>24,</strong></span> <span class='ocrx_word' id='word_1_274' title='bbox 696 3325 724 3371; x_wconf 86' lang='grc'><strong>1</strong></span> <span class='ocrx_word' id='word_1_275' title='bbox 765 3319 1073 3372; x_wconf 77' lang='grc'><strong>0161101100</strong></span> <span class='ocrx_word' id='word_1_276' title='bbox 1117 3317 1632 3388; x_wconf 87' lang='lat' dir='ltr'><strong>Sprachgebrauch</strong></span> <span class='ocrx_word' id='word_1_277' title='bbox 1693 3321 1702 3389; x_wconf 88' lang='grc' dir='ltr'>Ι</span> <span class='ocrx_word' id='word_1_278' title='bbox 1760 3337 2067 3404; x_wconf 75' lang='lat' dir='ltr'><strong>eaepwryare</strong></span> <span class='ocrx_word' id='word_1_279' title='bbox 2118 3320 2225 3375; x_wconf 84' lang='lat' dir='ltr'><strong>wie</strong></span> <span class='ocrx_word' id='word_1_280' title='bbox 2261 3338 2507 3392; x_wconf 75' lang='lat' dir='ltr'><strong>pquare</strong></span> <span class='ocrx_word' id='word_1_281' title='bbox 2552 3320 2646 3374; x_wconf 91' lang='lat' dir='ltr'><strong>bei</strong></span> <span class='ocrx_word' id='word_1_282' title='bbox 2688 3317 2808 3372; x_wconf 91' lang='lat' dir='ltr'><strong>Liv.</strong></span> 
     </span>
     <span class='ocr_line' id='line_1_36' title="bbox 464 3389 2810 3488; baseline 0.002 -45"><span class='ocrx_word' id='word_1_283' title='bbox 464 3395 523 3460; x_wconf 87' lang='grc'><strong>8,</strong></span> <span class='ocrx_word' id='word_1_284' title='bbox 563 3395 656 3458; x_wconf 89' lang='grc'><strong>23,</strong></span> <span class='ocrx_word' id='word_1_285' title='bbox 694 3394 730 3442; x_wconf 98' lang='grc'><strong>4</strong></span> <span class='ocrx_word' id='word_1_286' title='bbox 773 3405 944 3457; x_wconf 77' lang='lat' dir='ltr'><strong>neque</strong></span> <span class='ocrx_word' id='word_1_287' title='bbox 987 3404 1048 3443; x_wconf 88' lang='lat' dir='ltr'><strong>eo</strong></span> <span class='ocrx_word' id='word_1_288' title='bbox 1090 3389 1455 3459; x_wconf 74' lang='lat' dir='ltr'><strong>neyleyentius</strong></span> <span class='ocrx_word' id='word_1_289' title='bbox 1501 3407 1595 3456; x_wconf 89' lang='lat' dir='ltr'><strong>ea,</strong></span> <span class='ocrx_word' id='word_1_290' title='bbox 1650 3408 1787 3459; x_wconf 71' lang='lat' dir='ltr'><strong>quae</strong></span> <span class='ocrx_word' id='word_1_291' title='bbox 1831 3392 1968 3460; x_wconf 83' lang='lat' dir='ltr'><strong>ipsis</strong></span> <span class='ocrx_word' id='word_1_292' title='bbox 2013 3392 2372 3459; x_wconf 86' lang='lat' dir='ltr'><strong>obicerentur,</strong></span> <span class='ocrx_word' id='word_1_293' title='bbox 2419 3393 2753 3488; x_wconf 73' lang='lat' dir='ltr'><strong>put-yabant.</strong></span> <span class='ocrx_word' id='word_1_294' title='bbox 2799 3390 2810 3461; x_wconf 68' lang='grc'><strong>1</strong></span> 
     </span>
     <span class='ocr_line' id='line_1_37' title="bbox 465 3434 2463 3532; baseline -0.001 -15"><span class='ocrx_word' id='word_1_295' title='bbox 465 3467 518 3517; x_wconf 91' lang='grc'><strong>8.</strong></span> <span class='ocrx_word' id='word_1_296' title='bbox 556 3461 788 3531; x_wconf 73' lang='lat' dir='ltr'><strong>spiritus</strong></span> <span class='ocrx_word' id='word_1_297' title='bbox 826 3460 958 3514; x_wconf 80' lang='lat' dir='ltr'><strong>‘den</strong></span> <span class='ocrx_word' id='word_1_298' title='bbox 993 3458 1409 3529; x_wconf 86' lang='lat' dir='ltr'><strong>hochgemuten</strong></span> <span class='ocrx_word' id='word_1_299' title='bbox 1447 3459 1626 3515; x_wconf 86' lang='lat' dir='ltr'><strong>Sinn&#39;.</strong></span> <span class='ocrx_word' id='word_1_300' title='bbox 1687 3463 1695 3532; x_wconf 87' lang='grc' dir='ltr'>Ι</span> <span class='ocrx_word' id='word_1_301' title='bbox 1753 3463 1901 3516; x_wconf 84' lang='lat' dir='ltr'><strong>ultro</strong></span> <span class='ocrx_word' id='word_1_302' title='bbox 1942 3463 2064 3532; x_wconf 85' lang='lat' dir='ltr'><strong>‘(er)</strong></span> <span class='ocrx_word' id='word_1_303' title='bbox 2102 3434 2463 3517; x_wconf 69' lang='lat' dir='ltr'><strong>seinersei’ts’.</strong></span> 
     </span>
    </p>

    <p class='ocr_par' dir='ltr' id='par_1_12' title="bbox 461 3531 2815 4238">
     <span class='ocr_line' id='line_1_38' title="bbox 640 3531 2813 3600; baseline -0.001 -13"><span class='ocrx_word' id='word_1_304' title='bbox 640 3531 739 3588; x_wconf 79' lang='grc'><strong>25.</strong></span> <span class='ocrx_word' id='word_1_305' title='bbox 797 3536 846 3587; x_wconf 94' lang='lat'><strong>8.</strong></span> <span class='ocrx_word' id='word_1_306' title='bbox 903 3531 1218 3587; x_wconf 74' lang='lat' dir='ltr'><strong>crudelitati</strong></span> <span class='ocrx_word' id='word_1_307' title='bbox 1260 3532 1530 3586; x_wconf 75' lang='lat' dir='ltr'><strong>insisteret</strong></span> <span class='ocrx_word' id='word_1_308' title='bbox 1582 3531 1672 3584; x_wconf 76' lang='lat' dir='ltr'><strong>‘in</strong></span> <span class='ocrx_word' id='word_1_309' title='bbox 1721 3532 1820 3587; x_wconf 90' lang='lat' dir='ltr'><strong>der</strong></span> <span class='ocrx_word' id='word_1_310' title='bbox 1866 3531 2264 3586; x_wconf 84' lang='lat' dir='ltr'><strong>Grausamkeit</strong></span> <span class='ocrx_word' id='word_1_311' title='bbox 2315 3533 2579 3600; x_wconf 74' lang='lat' dir='ltr'><strong>bahane,</strong></span> <span class='ocrx_word' id='word_1_312' title='bbox 2635 3531 2813 3585; x_wconf 90' lang='lat' dir='ltr'><strong>daran</strong></span> 
     </span>
     <span class='ocr_line' id='line_1_39' title="bbox 461 3601 2815 3674; baseline -0 -17"><span class='ocrx_word' id='word_1_313' title='bbox 461 3603 781 3673; x_wconf 48' lang='lat' dir='ltr'><strong>festhaltess</strong></span> <span class='ocrx_word' id='word_1_314' title='bbox 826 3601 932 3657; x_wconf 84' lang='lat' dir='ltr'><strong>wie</strong></span> <span class='ocrx_word' id='word_1_315' title='bbox 979 3609 1037 3672; x_wconf 88' lang='grc'><strong>2,</strong></span> <span class='ocrx_word' id='word_1_316' title='bbox 1077 3608 1142 3657; x_wconf 91' lang='grc'><strong>21</strong></span> <span class='ocrx_word' id='word_1_317' title='bbox 1180 3603 1491 3658; x_wconf 77' lang='lat' dir='ltr'><strong>insisterent</strong></span> <span class='ocrx_word' id='word_1_318' title='bbox 1525 3603 1805 3673; x_wconf 83' lang='lat' dir='ltr'><strong>caedibus,</strong></span> <span class='ocrx_word' id='word_1_319' title='bbox 1851 3602 1985 3659; x_wconf 87' lang='lat' dir='ltr'><strong>hist.</strong></span> <span class='ocrx_word' id='word_1_320' title='bbox 2024 3610 2082 3673; x_wconf 92' lang='grc'><strong>2,</strong></span> <span class='ocrx_word' id='word_1_321' title='bbox 2120 3610 2190 3658; x_wconf 98' lang='grc'><strong>46</strong></span> <span class='ocrx_word' id='word_1_322' title='bbox 2239 3604 2356 3672; x_wconf 86' lang='lat' dir='ltr'><strong>spei</strong></span> <span class='ocrx_word' id='word_1_323' title='bbox 2390 3622 2443 3657; x_wconf 91' lang='lat' dir='ltr'><strong>u.</strong></span> <span class='ocrx_word' id='word_1_324' title='bbox 2475 3620 2525 3658; x_wconf 88' lang='lat' dir='ltr'><strong>a.</strong></span> <span class='ocrx_word' id='word_1_325' title='bbox 2586 3602 2595 3674; x_wconf 93' lang='grc' dir='ltr'>Ι</span> <span class='ocrx_word' id='word_1_326' title='bbox 2654 3608 2701 3656; x_wconf 86' lang='grc'><strong>9.</strong></span> <span class='ocrx_word' id='word_1_327' title='bbox 2743 3603 2815 3656; x_wconf 86' lang='lat' dir='ltr'><strong>ab</strong></span> 
     </span>
     <span class='ocr_line' id='line_1_40' title="bbox 463 3646 2814 3826; baseline -0.001 -27"><span class='ocrx_word' id='word_1_328' title='bbox 463 3646 2406 3826; x_wconf 43' lang='lat' dir='ltr'><strong>{zmzatuqustraawtmffmzssaffixum..</strong></span> <span class='ocrx_word' id='word_1_329' title='bbox 2419 3673 2814 3799; x_wconf 50' lang='lat' dir='ltr'><strong>2²23&amp;ss</strong></span> 
     </span>
     <span class='ocr_line' id='line_1_41' title="bbox 465 3813 2812 3884; baseline -0.001 -14"><span class='ocrx_word' id='word_1_330' title='bbox 465 3816 665 3881; x_wconf 82' lang='lat' dir='ltr'><strong>differt,</strong></span> <span class='ocrx_word' id='word_1_331' title='bbox 703 3814 835 3867; x_wconf 84' lang='lat' dir='ltr'><strong>dial.</strong></span> <span class='ocrx_word' id='word_1_332' title='bbox 868 3820 935 3868; x_wconf 89' lang='lat'><strong>14</strong></span> <span class='ocrx_word' id='word_1_333' title='bbox 973 3816 1263 3870; x_wconf 78' lang='lat' dir='ltr'><strong>audentior</strong></span> <span class='ocrx_word' id='word_1_334' title='bbox 1298 3822 1347 3870; x_wconf 88' lang='lat' dir='ltr'><strong>et</strong></span> <span class='ocrx_word' id='word_1_335' title='bbox 1376 3821 1663 3884; x_wconf 86' lang='lat' dir='ltr'><strong>poetarum</strong></span> <span class='ocrx_word' id='word_1_336' title='bbox 1701 3833 1865 3884; x_wconf 79' lang='lat' dir='ltr'><strong>quam</strong></span> <span class='ocrx_word' id='word_1_337' title='bbox 1892 3822 2171 3871; x_wconf 76' lang='lat' dir='ltr'><strong>oratomm</strong></span> <span class='ocrx_word' id='word_1_338' title='bbox 2195 3816 2429 3870; x_wconf 78' lang='lat' dir='ltr'><strong>similior</strong></span> <span class='ocrx_word' id='word_1_339' title='bbox 2455 3813 2812 3870; x_wconf 65' lang='grc' dir='ltr'><strong>010110.Αο</strong></span> 
     </span>
     <span class='ocr_line' id='line_1_42' title="bbox 467 3883 2813 3968; baseline -0.001 -29"><span class='ocrx_word' id='word_1_340' title='bbox 467 3900 697 3939; x_wconf 88' lang='lat' dir='ltr'><strong>unserer</strong></span> <span class='ocrx_word' id='word_1_341' title='bbox 724 3883 897 3939; x_wconf 87' lang='lat' dir='ltr'><strong>Stelle</strong></span> <span class='ocrx_word' id='word_1_342' title='bbox 925 3885 1087 3939; x_wconf 66' lang='lat' dir='ltr'><strong>hatte</strong></span> <span class='ocrx_word' id='word_1_343' title='bbox 1116 3902 1192 3954; x_wconf 89' lang='grc'><strong>00,</strong></span> <span class='ocrx_word' id='word_1_344' title='bbox 1231 3885 1305 3939; x_wconf 91' lang='lat' dir='ltr'><strong>da</strong></span> <span class='ocrx_word' id='word_1_345' title='bbox 1331 3887 1485 3968; x_wconf 79' lang='lat' dir='ltr'><strong>apud</strong></span> <span class='ocrx_word' id='word_1_346' title='bbox 1504 3893 1747 3954; x_wconf 88' lang='lat' dir='ltr'><strong>posteros</strong></span> <span class='ocrx_word' id='word_1_347' title='bbox 1773 3885 2129 3956; x_wconf 79' lang='lat' dir='ltr'><strong>vorhergeht,</strong></span> <span class='ocrx_word' id='word_1_348' title='bbox 2168 3886 2314 3940; x_wconf 90' lang='lat' dir='ltr'><strong>auch</strong></span> <span class='ocrx_word' id='word_1_349' title='bbox 2342 3885 2567 3940; x_wconf 82' lang='lat' dir='ltr'><strong>einfaeh</strong></span> <span class='ocrx_word' id='word_1_350' title='bbox 2596 3883 2813 3938; x_wconf 83' lang='lat' dir='ltr'><strong>heissen</strong></span> 
     </span>
     <span class='ocr_line' id='line_1_43' title="bbox 465 3954 2809 4028; baseline -0.001 -19"><span class='ocrx_word' id='word_1_351' title='bbox 465 3957 695 4010; x_wconf 73' lang='lat' dir='ltr'><strong>konnen</strong></span> <span class='ocrx_word' id='word_1_352' title='bbox 717 3955 1033 4026; x_wconf 73' lang='lat' dir='ltr'><strong>(distinqui)</strong></span> <span class='ocrx_word' id='word_1_353' title='bbox 1062 3957 1340 4011; x_wconf 80' lang='lat' dir='ltr'><strong>honestum</strong></span> <span class='ocrx_word' id='word_1_354' title='bbox 1375 3958 1583 4012; x_wconf 75' lang='lat' dir='ltr'><strong>exitum</strong></span> <span class='ocrx_word' id='word_1_355' title='bbox 1619 3958 1688 4010; x_wconf 88' lang='lat' dir='ltr'><strong>ab</strong></span> <span class='ocrx_word' id='word_1_356' title='bbox 1720 3956 2168 4028; x_wconf 65' lang='grc' dir='ltr'><strong>ί900010.Ζ1101</strong></span> <span class='ocrx_word' id='word_1_357' title='bbox 2196 3954 2506 4011; x_wconf 88' lang='lat' dir='ltr'><strong>Gedanken</strong></span> <span class='ocrx_word' id='word_1_358' title='bbox 2540 3954 2650 4026; x_wconf 88' lang='lat' dir='ltr'><strong>vgl.</strong></span> <span class='ocrx_word' id='word_1_359' title='bbox 2678 3954 2809 4008; x_wconf 87' lang='lat' dir='ltr'><strong>hist.</strong></span> 
     </span>
     <span class='ocr_line' id='line_1_44' title="bbox 470 4026 2812 4097; baseline -0 -17"><span class='ocrx_word' id='word_1_360' title='bbox 470 4032 518 4094; x_wconf 86' lang='lat'><strong>1,</strong></span> <span class='ocrx_word' id='word_1_361' title='bbox 549 4032 613 4080; x_wconf 89' lang='grc'><strong>21</strong></span> <span class='ocrx_word' id='word_1_362' title='bbox 646 4043 729 4083; x_wconf 83' lang='lat' dir='ltr'><strong>ex.</strong></span> <span class='ocrx_word' id='word_1_363' title='bbox 767 4032 988 4081; x_wconf 85' lang='lat' dir='ltr'><strong>mortem</strong></span> <span class='ocrx_word' id='word_1_364' title='bbox 1023 4027 1273 4081; x_wconf 82' lang='lat' dir='ltr'><strong>omnibus</strong></span> <span class='ocrx_word' id='word_1_365' title='bbox 1309 4043 1376 4082; x_wconf 79' lang='lat' dir='ltr'><strong>ex</strong></span> <span class='ocrx_word' id='word_1_366' title='bbox 1411 4033 1621 4082; x_wconf 88' lang='lat' dir='ltr'><strong>natura</strong></span> <span class='ocrx_word' id='word_1_367' title='bbox 1657 4028 1934 4096; x_wconf 75' lang='lat' dir='ltr'><strong>aequalem</strong></span> <span class='ocrx_word' id='word_1_368' title='bbox 1970 4028 2237 4082; x_wconf 83' lang='lat' dir='ltr'><strong>oblivione</strong></span> <span class='ocrx_word' id='word_1_369' title='bbox 2273 4029 2427 4097; x_wconf 84' lang='lat' dir='ltr'><strong>apud</strong></span> <span class='ocrx_word' id='word_1_370' title='bbox 2453 4034 2698 4097; x_wconf 82' lang='lat' dir='ltr'><strong>posteros</strong></span> <span class='ocrx_word' id='word_1_371' title='bbox 2731 4026 2812 4080; x_wconf 79' lang='lat' dir='ltr'><strong>vel</strong></span> 
     </span>
     <span class='ocr_line' id='line_1_45' title="bbox 465 4097 2813 4180; baseline -0.001 -27"><span class='ocrx_word' id='word_1_372' title='bbox 465 4098 644 4180; x_wconf 74' lang='lat' dir='ltr'><strong>yloria</strong></span> <span class='ocrx_word' id='word_1_373' title='bbox 680 4098 967 4167; x_wconf 70' lang='lat' dir='ltr'><strong>distinqui,</strong></span> <span class='ocrx_word' id='word_1_374' title='bbox 1003 4114 1069 4150; x_wconf 88' lang='lat' dir='ltr'><strong>ac</strong></span> <span class='ocrx_word' id='word_1_375' title='bbox 1093 4098 1146 4152; x_wconf 89' lang='lat' dir='ltr'><strong>si</strong></span> <span class='ocrx_word' id='word_1_376' title='bbox 1169 4103 1440 4152; x_wconf 81' lang='lat' dir='ltr'><strong>nocentem</strong></span> <span class='ocrx_word' id='word_1_377' title='bbox 1467 4099 1905 4167; x_wconf 76' lang='lat' dir='ltr'><strong>innocentemque</strong></span> <span class='ocrx_word' id='word_1_378' title='bbox 1936 4098 2079 4153; x_wconf 86' lang='lat' dir='ltr'><strong>idem</strong></span> <span class='ocrx_word' id='word_1_379' title='bbox 2105 4099 2284 4153; x_wconf 78' lang='lat' dir='ltr'><strong>exitus</strong></span> <span class='ocrx_word' id='word_1_380' title='bbox 2309 4105 2547 4166; x_wconf 85' lang='lat' dir='ltr'><strong>maneat,</strong></span> <span class='ocrx_word' id='word_1_381' title='bbox 2584 4097 2813 4153; x_wconf 79' lang='lat' dir='ltr'><strong>acrioris</strong></span> 
     </span>
     <span class='ocr_line' id='line_1_46' title="bbox 468 4166 2304 4238; baseline 0 -16"><span class='ocrx_word' id='word_1_382' title='bbox 468 4168 578 4222; x_wconf 89' lang='lat' dir='ltr'><strong>viri</strong></span> <span class='ocrx_word' id='word_1_383' title='bbox 613 4184 721 4222; x_wconf 85' lang='lat' dir='ltr'><strong>esse</strong></span> <span class='ocrx_word' id='word_1_384' title='bbox 755 4169 945 4222; x_wconf 86' lang='lat' dir='ltr'><strong>merito</strong></span> <span class='ocrx_word' id='word_1_385' title='bbox 971 4168 1155 4235; x_wconf 81' lang='lat' dir='ltr'><strong>perire</strong></span> <span class='ocrx_word' id='word_1_386' title='bbox 1191 4166 1312 4236; x_wconf 88' lang='grc'><strong>(4101·</strong></span> <span class='ocrx_word' id='word_1_387' title='bbox 1347 4166 1714 4236; x_wconf 84' lang='lat' dir='ltr'><strong>gewaltsame</strong></span> <span class='ocrx_word' id='word_1_388' title='bbox 1749 4167 1871 4222; x_wconf 89' lang='lat' dir='ltr'><strong>Tod</strong></span> <span class='ocrx_word' id='word_1_389' title='bbox 1905 4168 1984 4222; x_wconf 90' lang='lat' dir='ltr'><strong>ist</strong></span> <span class='ocrx_word' id='word_1_390' title='bbox 2018 4167 2304 4238; x_wconf 84' lang='lat' dir='ltr'><strong>gemeint).</strong></span> 
     </span>
    </p>

    <p class='ocr_par' dir='ltr' id='par_1_13' title="bbox 469 4236 2809 4447">
     <span class='ocr_line' id='line_1_47' title="bbox 644 4236 2809 4318; baseline -0 -28"><span class='ocrx_word' id='word_1_391' title='bbox 644 4237 744 4291; x_wconf 79' lang='grc'><strong>26.</strong></span> <span class='ocrx_word' id='word_1_392' title='bbox 798 4242 849 4290; x_wconf 95' lang='grc'><strong>4.</strong></span> <span class='ocrx_word' id='word_1_393' title='bbox 896 4253 1168 4305; x_wconf 78' lang='lat' dir='ltr'><strong>superesse</strong></span> <span class='ocrx_word' id='word_1_394' title='bbox 1204 4237 1300 4304; x_wconf 78' lang='lat' dir='ltr'><strong>qui</strong></span> <span class='ocrx_word' id='word_1_395' title='bbox 1337 4237 1419 4287; x_wconf 89' lang='grc'><strong>(00</strong></span> <span class='ocrx_word' id='word_1_396' title='bbox 1456 4236 1600 4305; x_wconf 90' lang='lat' dir='ltr'><strong>gebe</strong></span> <span class='ocrx_word' id='word_1_397' title='bbox 1637 4237 1954 4292; x_wconf 81' lang='lat' dir='ltr'><strong>ausserdem</strong></span> <span class='ocrx_word' id='word_1_398' title='bbox 1992 4237 2196 4318; x_wconf 79' lang='lat' dir='ltr'><strong>solche,</strong></span> <span class='ocrx_word' id='word_1_399' title='bbox 2232 4238 2485 4292; x_wconf 85' lang='lat' dir='ltr'><strong>welche’.</strong></span> <span class='ocrx_word' id='word_1_400' title='bbox 2546 4238 2555 4308; x_wconf 88' lang='grc' dir='ltr'>Ι</span> <span class='ocrx_word' id='word_1_401' title='bbox 2614 4252 2809 4291; x_wconf 86' lang='lat' dir='ltr'><strong>manus</strong></span> 
     </span>
     <span class='ocr_line' id='line_1_48' title="bbox 472 4281 2809 4378; baseline 0.001 -21.019"><span class='ocrx_word' id='word_1_402' title='bbox 472 4305 992 4360; x_wconf 46' lang='lat' dir='ltr'><strong>‘Thatlickkeitenffl</strong></span> <span class='ocrx_word' id='word_1_403' title='bbox 1053 4308 1062 4374; x_wconf 92' lang='grc' dir='ltr'>Ι</span> <span class='ocrx_word' id='word_1_404' title='bbox 1123 4312 1171 4360; x_wconf 88' lang='grc'><strong>6.</strong></span> <span class='ocrx_word' id='word_1_405' title='bbox 1220 4322 1374 4374; x_wconf 77' lang='lat' dir='ltr'><strong>quem</strong></span> <span class='ocrx_word' id='word_1_406' title='bbox 1413 4309 1816 4373; x_wconf 78' lang='lat' dir='ltr'><strong>perornavisset</strong></span> <span class='ocrx_word' id='word_1_407' title='bbox 1855 4308 1986 4362; x_wconf 82' lang='lat' dir='ltr'><strong>‘den</strong></span> <span class='ocrx_word' id='word_1_408' title='bbox 2024 4325 2084 4361; x_wconf 90' lang='lat' dir='ltr'><strong>er</strong></span> <span class='ocrx_word' id='word_1_409' title='bbox 2127 4281 2327 4361; x_wconf 89' lang='grc'><strong>1101001·</strong></span> <span class='ocrx_word' id='word_1_410' title='bbox 2362 4306 2575 4378; x_wconf 84' lang='lat' dir='ltr'><strong>geziert</strong></span> <span class='ocrx_word' id='word_1_411' title='bbox 2608 4306 2809 4360; x_wconf 76' lang='lat' dir='ltr'><strong>hatte’.</strong></span> 
     </span>
     <span class='ocr_line' id='line_1_49' title="bbox 469 4372 2808 4447; baseline 0.002 -22"><span class='ocrx_word' id='word_1_412' title='bbox 469 4372 579 4425; x_wconf 84' lang='lat' dir='ltr'><strong>Cic.</strong></span> <span class='ocrx_word' id='word_1_413' title='bbox 610 4374 764 4427; x_wconf 87' lang='lat' dir='ltr'><strong>Brut.</strong></span> <span class='ocrx_word' id='word_1_414' title='bbox 795 4381 825 4439; x_wconf 67' lang='grc' dir='ltr'>ξ</span> <span class='ocrx_word' id='word_1_415' title='bbox 856 4379 957 4428; x_wconf 80' lang='lat'><strong>158</strong></span> <span class='ocrx_word' id='word_1_416' title='bbox 994 4376 1136 4429; x_wconf 79' lang='lat' dir='ltr'><strong>idem</strong></span> <span class='ocrx_word' id='word_1_417' title='bbox 1174 4391 1247 4428; x_wconf 90' lang='lat' dir='ltr'><strong>sc.</strong></span> <span class='ocrx_word' id='word_1_418' title='bbox 1281 4374 1511 4429; x_wconf 81' lang='lat' dir='ltr'><strong>Crassus</strong></span> <span class='ocrx_word' id='word_1_419' title='bbox 1546 4382 1598 4429; x_wconf 85' lang='lat' dir='ltr'><strong>et</strong></span> <span class='ocrx_word' id='word_1_420' title='bbox 1623 4385 1956 4444; x_wconf 75' lang='lat' dir='ltr'><strong>perornatus</strong></span> <span class='ocrx_word' id='word_1_421' title='bbox 1984 4379 2025 4447; x_wconf 88' lang='lat'><strong>(‘</strong></span> <span class='ocrx_word' id='word_1_422' title='bbox 2031 4378 2158 4431; x_wconf 87' lang='lat' dir='ltr'><strong>sehr</strong></span> <span class='ocrx_word' id='word_1_423' title='bbox 2184 4376 2400 4445; x_wconf 76' lang='lat' dir='ltr'><strong>schon’)</strong></span> <span class='ocrx_word' id='word_1_424' title='bbox 2439 4384 2489 4432; x_wconf 90' lang='lat' dir='ltr'><strong>et</strong></span> <span class='ocrx_word' id='word_1_425' title='bbox 2517 4378 2808 4445; x_wconf 84' lang='lat' dir='ltr'><strong>perbrevis.</strong></span> 
     </span>
    </p>
   </div>
  </div>
 </body>
</html>
