3075 4800
439 216 566 282 112
804 218 1141 273 CORNELII
1176 218 1419 273 TACITI
1453 219 1550 273 AB
1586 219 1908 275 EXOESSU
1944 219 2102 274 DIVI
2136 218 2452 274 AUGUSTI

434 380 597 464 buit,
643 384 1045 465 compertum
1090 379 1215 445 sibi
1259 380 1543 446 referens
1597 404 1678 445 ex
1722 381 2200 446 commentariis
2254 381 2459 464 patris
2505 380 2609 444 sui
2652 379 2802 444 nul-

435 468 567 532 lam
615 471 993 553 cuiusquam
1048 470 1521 534 accusationem
1577 470 1659 534 ab
1706 491 1781 533 eo
1830 473 2133 534 coactam.
2223 473 2364 533 tum
2410 470 2585 533 iussa
2628 467 2806 532 Mes-

358 584 410 625 ιε
438 557 681 623 salinae
724 558 1058 641 praetendi
1104 559 1171 620 et
1213 557 1430 622 labare
1477 557 1792 623 defensio:
1848 578 1961 621 cur
2007 558 2178 621 enim
2222 557 2546 621 neminem
2593 556 2800 620 alium

437 645 776 730 delectum,
823 646 934 728 qui
981 645 1293 710 saevienti
1337 645 1698 728 impudicae
1742 666 1967 710 vocem
2009 645 2388 728 praeberet?
2434 645 2802 727 puniendos

437 756 653 798 rerum
709 735 1024 798 atrocium
1080 734 1439 818 ministros,
1493 734 1608 797 ubi
1662 734 1871 816 pretia
1925 734 2235 798 scelerum
2290 732 2507 815 adepti
2557 733 2806 797 scelera

439 823 582 906 ipsa
625 821 769 885 aliis
816 822 1130 907 delegant.
1222 823 1426 909 igitur
1471 822 1772 905 adempta
1815 821 2135 886 bonorum
2192 824 2374 904 parte
2430 819 2611 908 (nam
2655 820 2799 885 filio

440 913 504 974 et
549 909 729 993 nepti
773 932 923 993 pars
970 912 1440 977 concedebatur
1485 910 2060 993 eximebanturque
2107 910 2330 993 etiam,
2385 930 2549 991 quae
2604 912 2802 973 testa-

359 1026 411 1065 20
437 1000 658 1062 mento
713 998 940 1064 matris
995 1003 1108 1063 aut
1162 1000 1343 1063 aviae
1397 996 1802 1084 acceperant)
1860 999 1929 1061 in
1975 998 2217 1062 insulas
2263 997 2563 1062 Baleares
2613 997 2802 1081 pelli-

438 1089 573 1170 tur,
637 1107 770 1149 non
831 1088 903 1151 in
954 1087 1097 1171 ipso
1163 1087 1559 1170 discrimine,
1620 1107 1752 1150 non
1805 1090 1957 1169 post
2012 1086 2489 1150 damnationem
2552 1085 2802 1150 fractus

438 1173 681 1239 animo:
736 1174 1189 1258 ferebaturque
1234 1175 1497 1259 copiosa
1548 1177 1613 1239 et
1656 1175 1839 1238 molli
1885 1174 2021 1239 vita
2066 1179 2381 1239 secretum
2433 1173 2596 1238 illud
2640 1174 2805 1238 tole-

437 1263 695 1328 ravisse.
787 1262 996 1327 filium
1060 1264 1207 1328 eius
1260 1262 1675 1328 Nerullinum
1748 1264 2069 1348 adgressis
2132 1262 2613 1327 accusatoribus
2684 1283 2804 1346 per

439 1349 750 1415 invidiam
804 1352 1009 1434 patris
1065 1356 1132 1416 et
1185 1352 1456 1417 crimina
1509 1352 2036 1436 repetundarum,
2092 1352 2456 1416 intercessit
2498 1351 2801 1435 princeps

359 1467 412 1507 25
439 1443 772 1523 tamquam
818 1441 975 1505 satis
1022 1440 1276 1524 expleta
1319 1439 1585 1505 ultione.

332 1529 423 1593 44
618 1525 745 1591 Per
780 1527 951 1592 idem
987 1532 1244 1612 tempus
1282 1527 1589 1593 Octavius
1628 1527 1880 1614 Sagitta
1916 1527 2129 1612 plebei
2164 1528 2483 1610 tribunus,
2527 1525 2802 1592 Pontiae

439 1615 731 1681 mulieris
777 1620 1016 1699 nuptae
1062 1638 1280 1681 amore
1325 1637 1607 1700 vaecors,
1651 1616 2024 1702 ingentibus
2067 1616 2254 1680 donis
2300 1615 2688 1680 adulterium
2733 1618 2805 1678 et

441 1723 622 1787 mox,
695 1707 769 1769 ut
833 1706 1163 1769 omitteret
1214 1705 1549 1788 maritum,
1622 1707 2005 1788 emereatur,
2071 1725 2259 1768 suum
2312 1703 2802 1767 matrimonium

441 1791 828 1874 promittens
875 1814 949 1857 ac
992 1794 1252 1877 nuptias
1299 1793 1435 1857 eius
1479 1795 1725 1876 pactus.
1817 1793 1930 1857 sed
1974 1792 2089 1857 ubi
2133 1792 2366 1855 mulier
2410 1813 2612 1856 vacua
2654 1791 2803 1876 fuit,

389 1907 414 1948 5
440 1882 697 1944 nectere
743 1901 986 1965 moraS,
1043 1881 1376 1945 adversam
1422 1881 1628 1964 patris
1675 1880 2077 1945 voluntatem
2126 1880 2376 1944 causari
2421 1883 2803 1963 repertaque

442 1987 556 2050 spe
603 1967 859 2032 ditioris
916 1968 1209 2055 coniugis
1263 1970 1587 2052 promissa
1641 1990 1886 2034 exuere.
1979 1967 2284 2033 Octavius
2337 1973 2562 2032 contra
2606 1968 2802 2032 modo

443 2057 768 2140 conqueri,
813 2056 1007 2120 modo
1045 2057 1351 2142 minitari,
1397 2057 1637 2121 famam
1673 2057 2009 2142 perditam,
2045 2057 2384 2141 pecuniam
2423 2056 2803 2120 exhaustam

444 2144 776 2208 obtestans
785 2194 804 2229 ,
869 2144 1143 2229 denique
1198 2146 1501 2230 salutem,
1568 2167 1729 2229 quae
1786 2145 1923 2209 sola
1977 2144 2226 2230 reliqua
2280 2148 2473 2229 esset,
2533 2145 2801 2208 arbitrio

444 2227 581 2306 eius
636 2232 1032 2316 permittens.
1125 2255 1199 2299 ac
1252 2238 1599 2318 postquam
1656 2233 2100 2318 spernebatur,
2160 2237 2416 2298 noctem
2472 2254 2667 2296 unam
2722 2233 2804 2296 ad

366 2348 420 2389 10
447 2319 760 2385 solacium
804 2322 1041 2407 poscit,
1099 2343 1226 2406 qua
1271 2322 1589 2386 delenitus
1634 2322 1899 2385 modum
1955 2322 2024 2386 in
2068 2325 2402 2407 posterum
2452 2321 2802 2388 adhiberet.

448 2409 757 2473 statuitur
809 2431 969 2495 nox,
1025 2414 1092 2475 et
1143 2411 1380 2475 Pontia
1433 2411 1727 2477 consciae
1782 2410 2050 2476 ancillae
2105 2411 2468 2476 custodiam
2524 2410 2804 2475 cubiculi

444 2498 723 2563 mandat.
814 2498 925 2563 ille
978 2521 1110 2564 uno
1174 2521 1322 2565 cum
1375 2501 1610 2565 liberto
1676 2500 1919 2563 ferrum
1975 2504 2152 2564 veste
2208 2499 2533 2564 occultum
2589 2499 2801 2562 infert.

445 2588 612 2669 tum,
677 2589 752 2650 ut
807 2587 1055 2652 adsolet
1108 2595 1178 2652 in
1230 2610 1447 2652 amore
1503 2593 1569 2653 et
1623 2588 1746 2671 ira,
1810 2589 2020 2673 iurgia
2078 2609 2326 2672 preces,
2391 2587 2803 2670 exprobratio

446 2673 832 2758 satisfacti03
879 2679 944 2739 et
987 2698 1137 2759 pars
1183 2677 1593 2740 tenebrarum
1638 2676 1897 2741 libidini
1943 2678 2227 2759 seposita
2272 2679 2396 2741 est:
2445 2697 2573 2760 qua
2618 2675 2805 2760 quasi

447 2847 517 2883 zu
547 2829 731 2885 seiner
747 2830 1162 2902 Verteidigung
1190 2834 1303 2885 an’.
1361 2831 1426 2885 In
1455 2830 1668 2886 diesem
1696 2830 1867 2885 Sinne
1895 2830 2056 2886 nicht
2082 2831 2231 2886 efter
2256 2830 2352 2886 bei
2379 2830 2628 2899 Tacitus,
2658 2830 2804 2884 doch

444 2901 641 2971 haufig
675 2900 770 2955 bei
808 2901 1017 2956 Cicero.
1051 2904 1059 2972 Ι
1095 2909 1176 2956 14.
1216 2908 1457 2958 coactam
1488 2902 1887 2972 ‘erzwungen'‚
1925 2902 2031 2956 wie
2067 2909 2119 2970 4,
2150 2908 2215 2957 51
2246 2910 2434 2958 coacta
2462 2903 2680 2970 deditio,
2720 2907 2806 2970 16,

448 2977 515 3026 19
552 2988 711 3027 mors.
740 2975 755 3053 j
800 2978 883 3026 20.
925 2980 1026 3029 aut
1059 2973 1353 3040 bedentet,
1393 2972 1518 3026 dass
1558 2972 1809 3027 dieselbe
1844 2974 2057 3027 Person
2091 2973 2183 3027 ffir
2219 2974 2332 3028 den
2369 2973 2521 3027 Sohn
2556 2972 2675 3026 und
2714 2971 2807 3026 die

445 3042 691 3096 Enkelin
737 3060 798 3095 1n
843 3043 1296 3098 verschiedenem
1345 3043 1529 3097 Grade
1579 3044 1679 3097 der
1722 3043 2218 3098 Verwandtschaft
2271 3062 2340 3096 zu
2387 3043 2610 3098 denken
2656 3042 2749 3096 ist.
2792 3043 2801 3115 Ι

447 3119 533 3166 22.
574 3131 676 3182 que
716 3113 813 3182 ᾔει,
850 3112 1000 3182 nein,
1041 3114 1322 3182 sondem',
1361 3132 1402 3168 s.
1434 3132 1503 3167 zu
1534 3119 1583 3181 1,
1625 3119 1710 3183 65,
1750 3120 1799 3168 8.
1851 3116 1861 3185 Ι
1909 3122 2168 3170 secretum
2207 3114 2324 3168 ‘die
2352 3112 2807 3184 Abgeschieden-

449 3182 588 3237 heit'
631 3183 731 3237 des
766 3182 938 3238 Exils.
996 3183 1124 3253 Vgl.
1162 3189 1223 3253 4,
1262 3190 1329 3238 57
1360 3185 1498 3254 pari
1531 3192 1728 3239 secreto
1755 3216 1825 3226 —
1854 3185 2042 3240 Rhodi
2074 3192 2295 3252 secreto,
2332 3184 2450 3236 und
2486 3200 2548 3237 so
2587 3183 2748 3238 efter.
2794 3183 2802 3255 Ι

454 3259 538 3307 23.
576 3254 651 3307 Μ.
693 3252 922 3307 Suillius
958 3253 1302 3323 Nerullinus,
1339 3255 1420 3309 im
1455 3256 1503 3309 J.
1546 3260 1614 3309 50
1651 3254 1891 3325 Konsul,
1929 3256 2086 3309 ward
2121 3258 2287 3310 unter
2317 3253 2635 3323 Vespasian
2673 3254 2807 3307 Pro-

449 3322 656 3377 konsul
701 3341 811 3378 von
846 3323 998 3378 Asia.
1034 3326 1042 3394 Ι
1076 3325 1434 3381 Nerullinum
1470 3327 1743 3396 adqressis
1789 3327 2213 3392 accusatoribus,
2260 3343 2302 3379 s.
2341 3342 2408 3377 zu
2460 3330 2543 3392 12,
2581 3329 2668 3392 32,
2703 3329 2751 3378 3.
2796 3324 2805 3396 Ι

451 3401 536 3449 24.
574 3396 1015 3463 repet-zmdoerum.
1090 3394 1324 3451 Welche
1360 3396 1596 3451 Provinz
1634 3412 1695 3451 er
1731 3397 1929 3450 vorher
1965 3395 2255 3450 verwaltet
2288 3395 2450 3449 hatte
2463 3437 2476 3462 ,
2513 3393 2592 3448 ist
2627 3394 2807 3448 unbe-

449 3465 646 3518 kannt.
700 3468 708 3533 Ι
759 3470 842 3519 25.
882 3453 1037 3520 Uber
1071 3472 1184 3521 tam
1298 3485 1352 3520 m
1387 3485 1428 3520 s.
1467 3466 1614 3520 Einl.
1655 3473 1686 3533 ξ
1714 3473 1799 3521 95.

628 3533 728 3591 44.
788 3541 834 3591 1.
874 3523 1026 3590 Uber
1064 3536 1158 3591 die
1224 3537 1448 3608 tellung
1467 3538 1646 3607 plebei
1672 3539 1795 3592 trib.
1826 3554 1868 3592 s.
1899 3554 1968 3589 zu
1996 3536 2102 3605 Kp.
2133 3541 2217 3590 28.
2252 3538 2260 3606 Ι
2293 3542 2343 3589 2.
2381 3552 2563 3590 amore
2589 3552 2809 3591 vaecors

452 3606 678 3660 ‘rasend
705 3606 946 3661 verliebt
970 3607 1074 3676 in',
1111 3607 1222 3678 vgl.
1249 3607 1381 3664 hist.
1410 3614 1462 3676 4,
1481 3614 1553 3662 44
1580 3610 1830 3677 inpotens
1858 3609 2062 3662 amoris
2093 3605 2195 3659 ‘im
2220 3605 2760 3661 Liebeswahnsinn’.
2795 3606 2804 3678 Ι

452 3682 498 3731 7.
537 3679 747 3744 famam
775 3679 1071 3746 perditam,
1099 3680 1396 3747 pecuniam
1433 3680 1756 3734 eaehaastam
1793 3682 1887 3749 (sc.
1927 3681 2055 3748 esse)
2092 3678 2361 3733 obtestans
2397 3676 2653 3731 feierlich
2690 3693 2809 3731 ver-

450 3746 737 3816 sichernd,
783 3749 1109 3804 beteuernd.
1185 3750 1238 3804 S.
1278 3767 1347 3802 zu
1386 3755 1479 3817 12,
1519 3754 1579 3818 5,
1620 3755 1684 3802 11
1733 3766 2000 3803 summam
2147 3748 2537 3817 rempublicam
2581 3749 2678 3818 aqi
2720 3748 2811 3802 ob-

449 3823 667 3873 testm.
740 3817 1033 3873 Durchaus
1083 3819 1286 3874 anders
1331 3822 1554 3889 geartet
1598 3835 1793 3889 wegen
1841 3819 1941 3873 der
2040 3818 2237 3889 bjekte
2284 3819 2410 3872 sind
2448 3818 2660 3874 Stellen
2702 3817 2810 3871 wie

453 3893 502 3956 1,
532 3893 597 3940 21
639 3889 848 3943 caelwm
884 3906 950 3944 ac
985 3891 1112 3944 deos
1146 3891 1498 3959 obtestantwr,
1538 3896 1589 3958 2,
1620 3896 1687 3944 65
1716 3908 1878 3945 sacra
1912 3891 2088 3961 reyni,
2125 3891 2363 3944 eiusdem
2398 3890 2651 3956 familiae
2686 3891 2811 3943 deos

451 3964 501 4012 et
535 3959 823 4027 hospitalis
857 3976 1070 4015 mensas
1105 3962 1465 4016 obtestantem.
1540 3961 1631 4015 Ps.
1663 3959 1773 4015 Cic.
1814 3960 1887 4014 ad
1924 3961 2079 4015 Brut.
2122 3966 2171 4029 1,
2203 3966 2288 4028 13,
2325 3966 2353 4013 1
2394 3977 2488 4014 oro
2523 3966 2685 4027 atque
2720 3960 2808 4013 ob-

450 4045 595 4083 secro
651 4035 727 4096 te,
784 4029 992 4099 Cicero,
1049 4032 1495 4086 necessitudinem
1550 4038 1794 4086 nostram
1847 4038 2103 4100 tuamque
2158 4033 2222 4084 in
2266 4049 2348 4085 me
2393 4029 2814 4085 benevolentiam

450 4100 722 4154 obtestans
771 4099 911 4170 geht
967 4099 1072 4154 auf
1120 4101 1231 4154 den
1276 4106 1309 4154 3
1323 4145 1337 4169 ,
1386 4108 1480 4171 24,
1530 4108 1559 4155 1
1618 4103 1928 4156 erbrterten
1974 4100 2476 4171 Sprachgebrauch
2530 4100 2754 4155 zun‘ick.

453 4174 537 4223 10.
575 4170 841 4225 solacium
872 4169 1275 4242 ‘Genugthuun
1318 4215 1333 4240 ,
1360 4171 1675 4226 Entschadi
1754 4190 1848 4242 ng,
1877 4172 2097 4226 Ersatz'
2130 4177 2180 4239 3,
2204 4177 2295 4239 12;
2326 4178 2377 4240 4,
2398 4175 2493 4238 533
2523 4171 2656 4240 Agr.
2678 4175 2764 4224 44.

454 4245 537 4294 13.
576 4241 767 4311 iwryia
793 4272 865 4281 —
892 4242 1216 4309 satisfactio.
1277 4190 1395 4296 {fir
1431 4242 1586 4297 diese
1624 4260 1689 4296 su
1731 4241 2138 4296 stantivischen
2172 4242 2489 4295 Parataxen
2528 4241 2639 4311 vgl.
2676 4240 2811 4295 hist.

455 4317 503 4378 1,
535 4316 602 4364 10
632 4313 862 4365 luxua-ia
888 4313 1188 4379 inausa-ia,
1214 4314 1461 4368 comitate
1489 4314 1842 4384 adroyantia‚
1875 4314 2039 4368 malis
2066 4314 2323 4381 bonisque
2350 4313 2563 4367 artibus
2588 4313 2813 4378 mixtae,

456 4398 583 4434 ann.
606 4387 655 4449 2,
679 4387 763 4436 19.
797 4383 806 4453 Ι
841 4388 923 4437 14.
956 4400 1067 4452 qua
1094 4385 1256 4453 quasi
1281 4385 1355 4439 sit
1381 4385 1648 4440 incensus.
1706 4384 1864 4437 ‘dum
1889 4383 2130 4437 libidine
2158 4399 2218 4437 se
2245 4383 2536 4437 incensum
2563 4381 2812 4450 simulat,
