3075 4800
1027 277 1245 331 LIBER
1279 276 1424 332 XV1.
1481 276 1634 332 ΟΑΡ.
1673 282 1900 331 27—30.
2516 274 2642 339 123

284 463 513 507 vocem
549 462 743 525 quam
780 461 952 504 nunc
978 438 1307 505 silentium
1335 439 1693 523 perferrent
1721 440 1940 503 omnia
1966 438 2347 502 damnantis.
2418 460 2644 521 pacem

287 530 389 595 illi
425 552 541 614 per
567 529 789 594 orbem
825 532 1050 610 terrae,
1088 550 1172 592 an
1205 528 1509 592 victorias
1548 528 1686 592 sine
1718 527 1953 591 damno
1991 527 2387 592 exercituum
2426 526 2646 613 displi-

287 619 476 685 cere?
519 640 601 682 ne
645 617 974 681 hominem
1017 616 1207 681 bonis
1244 615 1522 699 publicis
1569 618 1905 699 maestum,
1950 618 2017 679 et
2063 616 2177 699 qui
2210 615 2354 679 fora
2389 615 2645 681 theatra
2673 641 2725 683 ιε

286 707 533 791 templa
582 728 701 790 pro
757 706 1103 770 solitudine
1147 703 1441 788 haberet,
1497 704 1610 787 qui
1665 703 2075 768 minitaretur
2124 704 2390 767 exilium
2438 726 2644 790 suum,
2671 759 2686 773 .

288 795 662 861 ambitionis
713 816 949 878 pravae
1005 796 1369 876 compotem
1414 792 1716 857 facerent.
1806 813 1938 855 non
1988 791 2088 855 illi
2133 791 2426 856 consulta
2469 793 2645 878 haec,

284 905 421 950 non
456 884 875 969 magistratus
913 886 1026 946 aut
1050 881 1412 946 Romanam
1450 880 1677 945 urbem
1713 880 1932 945 videri.
1999 879 2409 963 abrumperet
2444 882 2645 946 vitam

286 973 369 1037 ab
407 994 483 1036 ea
519 972 797 1055 civitate,
842 972 1025 1034 cuius
1062 970 1395 1034 caritatem
1443 969 1619 1053 olim,
1662 988 1836 1033 nunc
1877 972 1942 1032 et
1978 971 2310 1052 aspectum
2346 970 2645 1033 exuisset.

468 1058 630 1124 Cum
686 1081 802 1142 per
854 1059 1014 1123 haec
1067 1063 1259 1141 atque
1314 1057 1472 1122 talia
1522 1056 1896 1142 Marcellus,
1960 1060 2035 1120 ut
2093 1060 2231 1120 erat
2289 1059 2513 1121 torvus
2574 1079 2647 1121 ac
2666 1058 2752 1122 29

288 1150 536 1232 minax,
590 1169 747 1212 voce
793 1147 978 1211 voltu
1023 1146 1226 1212 oculis
1273 1146 1657 1229 ardesceret,
1711 1165 1845 1208 non
1898 1143 2012 1208 illa
2065 1148 2223 1208 nota
2277 1148 2342 1208 et
2386 1144 2650 1209 celebri-

292 1238 427 1298 tate
489 1235 925 1318 periculorum
990 1238 1172 1299 sueta
1234 1235 1364 1299 iam
1429 1237 1688 1298 senatus
1743 1232 2092 1316 maestitia,
2156 1231 2269 1296 sed
2320 1254 2529 1296 novus
2583 1237 2649 1297 et

288 1323 484 1386 altior
527 1343 730 1405 pavor
774 1343 1001 1385 manus
1057 1325 1123 1384 et
1167 1322 1298 1385 tela
1347 1321 1632 1385 militum
1679 1320 2103 1384 cernentibus.
2195 1320 2390 1385 simul
2442 1321 2646 1404 ipsius

294 1408 614 1473 Thraseae
659 1408 1044 1472 venerabilis
1089 1409 1333 1491 species
1380 1408 1867 1492 obversabatu13
1922 1412 1987 1472 et
2038 1412 2219 1472 erant
2275 1410 2384 1493 qui
2432 1408 2650 1475 Helvi·
2702 1437 2728 1477 5

291 1497 472 1561 dium
509 1518 766 1579 quoque
802 1498 1275 1580 miserarentur,
1321 1496 1623 1561 innoxiae
1663 1495 2017 1561 adfinitatis
2052 1518 2292 1580 poenas
2330 1497 2647 1562 daturum.

290 1585 450 1669 quid
496 1582 858 1671 Agrippino
906 1585 1229 1649 obiectum
1274 1585 1405 1648 nisi
1449 1585 1704 1649 tristem
1749 1584 1954 1669 patris
1999 1585 2345 1670 fortunam,
2392 1586 2648 1670 quando

291 1678 359 1738 et
404 1673 515 1737 ille
559 1673 822 1757 perinde
869 1673 1174 1737 innocens
1221 1672 1465 1737 Tiberii
1520 1673 1789 1737 saevitia
1832 1674 2231 1738 concidisset.
2323 1675 2648 1740 enimvero

289 1761 672 1827 Montanum
727 1761 967 1845 probae
1013 1763 1309 1826 iuventae
1362 1783 1572 1846 neque
1626 1761 1860 1826 famosi
1913 1762 2245 1846 carminis,
2301 1763 2454 1847 quia
2506 1785 2652 1847 pro-

292 1850 518 1915 tulerit
563 1849 913 1935 ingenium,
961 1853 1282 1913 extorrem
1328 1871 1366 1912 a
1419 1850 1454 1913 ’.
2677 1878 2732 1917 ιο

471 1937 687 2020 Atque
729 1938 990 2001 interim
1028 1935 1322 2002 Ostorius
1409 1937 1657 2021 abinus,
1704 1935 1944 2001 Sorani.
1980 1942 2328 2022 accusator,
2374 1939 2650 2024 ingredi-
2670 1940 2757 2004 30

296 2030 408 2090 tur
453 2025 827 2109 orditurque
873 2025 951 2089 de
997 2026 1282 2089 amicitia
1324 2023 1613 2088 Rubellii
1656 2024 1900 2108 Plauti,
1956 2026 2256 2109 quodque
2305 2048 2649 2109 proconsu-

291 2115 498 2179 latum
542 2112 736 2177 Asiae
783 2112 1066 2178 Soranus
1121 2135 1239 2196 pro
1296 2112 1588 2176 claritate
1644 2112 1768 2177 sibi
1821 2114 2040 2196 potius
2092 2114 2648 2180 adcommodatum

294 2225 488 2288 quam
551 2224 631 2265 ex
684 2202 966 2266 utilitate
1026 2200 1350 2266 communi
1413 2201 1679 2287 egisset,
1744 2199 1971 2265 alendo
2027 2202 2374 2266 seditiones
2429 2204 2650 2269 civita-

292 2292 475 2356 tium.
566 2295 784 2355 vetera
827 2290 1010 2355 haec:
1067 2290 1179 2354 sed
1223 2310 1443 2354 recens
1499 2292 1567 2353 et
1621 2310 1749 2373 quo
1797 2289 2153 2354 discrimini
2197 2292 2401 2373 patris
2446 2292 2648 2357 filiam
2704 2320 2731 2361 ε

293 2380 693 2464 conectebat,
771 2379 944 2464 quod
1006 2378 1343 2463 pecuniam
1417 2378 1626 2466 magis
1694 2377 1996 2464 dilargita
2059 2383 2242 2445 esset.
2335 2381 2650 2448 acciderat

479 2578 561 2626 13.
601 2572 681 2625 Zu
716 2589 882 2642 quam
911 2572 1307 2640 —perferrent
1343 2589 1384 2626 s.
1423 2589 1492 2625 zu
1533 2577 1626 2639 13,
1665 2577 1762 2641 42,
1790 2576 1876 2624 21.
1935 2572 1944 2642 Ι
2006 2577 2089 2626 18.
2127 2574 2323 2627 abram
2419 2592 2447 2629 e
2480 2577 2651 2629 vitam

302 2644 437 2698 ‘den
462 2642 854 2697 Lebensfaden
882 2642 1185 2697 abreil'sen'
1216 2641 1363 2697 nach
1391 2642 1559 2712 Verg.
1588 2642 1725 2697 Aen.
1757 2647 1807 2709 8,
1833 2647 1937 2695 579
1965 2642 2085 2695 und
2110 2642 2216 2697 mit
2241 2660 2311 2698 vo
2336 2644 2652 2715 letandiger

303 2713 543 2785 Angabe
572 2713 670 2768 des
698 2713 892 2768 Bildes
919 2713 1016 2767 bei
1042 2713 1184 2768 Plin.
1216 2730 1300 2783 ep.
1334 2719 1381 2781 1,
1413 2719 1498 2780 12,
1528 2720 1561 2767 8
1598 2715 1757 2767 caius
1793 2728 1866 2766 sc.
1900 2715 2012 2768 voti
2044 2713 2139 2767 ille
2173 2730 2404 2783 compos,
2438 2723 2503 2771 at
2536 2718 2653 2771 iam

296 2802 518 2842 securus
566 2785 802 2854 liberque
846 2786 1171 2852 nwrituras,
1224 2784 1400 2839 multa
1444 2785 1549 2838 illa
1596 2784 1742 2838 vitae
1793 2784 1888 2838 sed
1930 2786 2149 2838 minora
2192 2785 2503 2842 retinacula
2556 2789 2649 2842 ab·

296 2858 469 2926 rupit.
542 2855 609 2908 In
642 2857 990 2926 pragnanter
1023 2852 1435 2909 Konstruktion
1479 2855 1584 2907 hat
1620 2853 1751 2907 Tac.
1789 2852 1937 2907 noch
1980 2855 2052 2908 ab
2096 2871 2160 2909 ea
2196 2856 2413 2911 civitate
2457 2856 2652 2910 hinzu-

295 2928 522 2998 gestia,
571 2926 706 2980 oder
752 2942 811 2981 es
856 2925 935 2980 ist
977 2944 1086 2980 nm·
1130 2925 1224 2980 die
1258 2924 1605 2980 Verbannun
1690 2923 1955 2994 gemeint.
2028 2924 2142 2978 Der
2176 2925 2474 2981 Ausdruck
2518 2944 2652 2998 mag

301 2996 658 3137 albisiltssntlich·
676 2996 1016 3121 zdweideutig
1051 2996 1200 3064 sein,
1238 2996 1314 3050 da
1351 2995 1450 3049 der
1483 2942 1777 3065 Ankffager
1810 2994 1972 3049 nicht
2004 2994 2181 3065 weiss,
2219 2996 2429 3051 welche
2467 2997 2651 3053 Strafe

300 3085 331 3123 e
386 3085 420 3122 o
483 3084 555 3122 en
587 3086 692 3121 wir
733 3112 744 3123 .

480 3148 580 3202 29.
640 3153 687 3202 1.
727 3165 831 3217 per
873 3149 1007 3202 haec
1054 3154 1215 3216 atque
1259 3146 1401 3201 talia
1449 3145 1574 3200 ‘bei
1619 3145 1814 3201 diesen
1857 3146 1975 3200 und
2011 3144 2314 3201 ahnlichen
2349 3147 2595 3203 Reden'.
2637 3151 2645 3223 Ι

297 3224 347 3273 2.
381 3219 658 3274 celebritas
683 3218 762 3272 im
782 3217 952 3272 Sinne
981 3235 1089 3273 von
1115 3218 1375 3273 crebritas
1402 3216 1662 3286 (welches
1681 3216 1984 3271 Rhenanus
2010 3215 2137 3270 hier
2162 3217 2451 3287 einsetzte)
2477 3219 2652 3275 schon

297 3288 408 3345 Cic.
449 3289 524 3342 ad
557 3287 688 3344 fam.
731 3296 760 3343 7
777 3334 790 3358 ‚
830 3295 862 3343 2
876 3333 889 3357 ,
926 3295 962 3343 4
1006 3291 1071 3344 in
1106 3289 1457 3344 multitudine
1501 3295 1553 3342 et
1588 3289 1888 3344 celebritate
1924 3289 2257 3344 iudiciorum
2302 3289 2419 3343 und
2455 3292 2653 3348 celeber

300 3387 369 3407 =
400 3361 579 3416 creber
612 3359 709 3415 bei
744 3359 887 3415 Plin.
924 3379 980 3414 n.
1016 3359 1071 3414 h.
1111 3365 1206 3428 34,
1246 3365 1278 3412 2
1318 3360 1464 3427 lapis
1507 3360 1706 3414 celeber
1747 3366 1906 3414 trams
1949 3360 2130 3415 maria
2176 3366 2226 3415 et
2302 3363 2545 3416 nondam
2588 3364 2651 3417 in

301 3431 627 3500 Campania.
678 3433 688 3503 Ι
738 3437 787 3485 9.
823 3432 1069 3498 famosus
1108 3429 1448 3499 ‘ann'ichig',
1486 3430 1663 3484 daher
1698 3446 1805 3484 von
1843 3429 2028 3485 einem
2054 3430 2262 3499 Pasqui
2311 3474 2325 3498 ,
2362 3432 2469 3487 wie
2506 3434 2651 3487 auch

302 3507 351 3569 1,
383 3506 450 3554 72
481 3502 663 3556 libelli.
732 3500 884 3554 Suet.
912 3501 1058 3571 Aug.
1090 3506 1175 3568 55,
1205 3500 1330 3555 Tib.
1359 3506 1427 3554 28
1457 3501 1575 3554 und
1604 3500 1777 3554 sehon
1803 3500 1934 3555 Hor.
1967 3500 2128 3570 epist.
2162 3508 2209 3570 1,
2231 3508 2315 3569 19,
2345 3508 2411 3556 31
2441 3505 2651 3571 famoso

297 3573 554 3627 carmine.
627 3558 909 3642 ‚Ubrigens
953 3570 1033 3625 ist
1075 3572 1278 3637 famosi
1322 3573 1587 3626 carminis
1631 3569 1767 3626 Gen.
1806 3570 2103 3640 qualitatis
2148 3572 2274 3643 (wie
2312 3576 2517 3641 probae
2562 3576 2649 3629 iu-

298 3643 525 3710 ventae).
600 3631 844 3695 lumlieh
893 3640 992 3694 der
1026 3639 1153 3694 Abl.
1192 3640 1341 3709 qual.
1382 3647 1475 3712 15,
1517 3647 1589 3695 54
1628 3643 1771 3710 (qui)
1817 3644 1986 3697 multo
2030 3659 2283 3698 sermone.
2343 3646 2352 3714 Ι
2402 3646 2653 3713 proferre

304 3710 564 3781 ‘zeigen'.
628 3711 757 3781 Vgl.
798 3711 949 3766 Suet.
986 3710 1137 3765 Nero
1174 3717 1242 3766 25
1280 3714 1425 3781 quod
1460 3714 1523 3767 in
1559 3731 1625 3767 ea
1741 3714 1898 3767 ‘mum
1932 3719 2104 3769 artem
2132 3715 2455 3783 protulerat.

480 3791 579 3846 30.
627 3797 676 3845 2.
717 3791 962 3860 quodque
1002 3791 1143 3844 ‘und
1177 3791 1361 3845 davon
1397 3791 1564 3845 dass’.
1622 3730 1774 3846 ἶξζεζι·
1812 3791 1933 3845 dies
1971 3793 2115 3862 quod
2152 3811 2194 3849 s.
2234 3811 2302 3846 zu
2343 3799 2435 3861 14,
2465 3801 2525 3864 6,
2554 3802 2603 3849 2.
2640 3797 2647 3869 Ι

299 3869 349 3917 8.
389 3878 497 3931 pro
533 3863 781 3917 claritate
821 3861 998 3915 ‘nach
1033 3861 1330 3932 Massgabe
1366 3863 1477 3917 —’.
1552 3862 1730 3917 Unter
1775 3863 1885 3917 den
1933 3862 2491 3920 Statthalteramtern
2535 3883 2653 3921 war

300 3934 403 3987 das
440 3949 549 3987 von
583 3931 721 3987 Asia
759 3949 851 3986 am
888 3933 1333 4002 angesehensten
1347 3975 1360 4000 ,
1405 3933 1506 3986 das
1545 3933 1767 3987 machte
1806 3933 1926 3988 sich
1963 3933 2266 4004 angeblich
2303 3936 2545 3991 Soranus
2583 3955 2652 3990 zu

296 4006 482 4059 nutze.
533 4006 542 4075 Ι
591 4009 642 4058 4.
682 4005 878 4058 alendo
912 4005 1214 4059 seditiones.
1281 4003 1414 4058 Dies
1442 4003 1757 4059 Verfahren
1788 4009 1939 4059 ware
1975 4004 2199 4060 freilich
2237 4007 2382 4061 auch
2408 4006 2470 4060 in
2499 4007 2652 4061 einer

297 4075 588 4130 kleineren
620 4073 860 4129 Provinz
896 4074 1344 4129 verbrecherisch
1380 4090 1655 4144 gewesen‚
1695 4075 1831 4129 aber
1865 4075 2026 4130 nicht
2061 4094 2123 4130 so
2160 4076 2496 4145 erfolgreich
2532 4077 2651 4131 und

296 4147 389 4201 ffir
425 4147 535 4202 den
572 4145 737 4200 Staat
772 4144 1106 4216 gefahrlich.
1157 4149 1166 4215 Ι
1218 4151 1266 4199 5.
1305 4152 1485 4201 vetera
1518 4147 1666 4213 haec,
1704 4145 1953 4200 dieselbe
1979 4146 2284 4226 Wendung
2318 4146 2426 4201 wie
2467 4152 2550 4215 11,
2581 4154 2649 4201 23

296 4219 534 4275 recentia
579 4219 736 4272 haec.-
777 4217 918 4299 qwid
960 4218 1012 4271 si
1055 4219 1152 4271 ctt.
1213 4217 1223 4285 Ι
1280 4223 1331 4272 et
1374 4233 1480 4286 quo
1507 4247 1581 4256 —
1608 4218 1923 4271 conectebat,
1995 4216 2060 4268 In
2100 4215 2442 4271 klass1scher
2475 4218 2651 4272 Prosa

299 4289 489 4342 wfirde
518 4288 619 4343 der
644 4287 996 4357 Konjunktiv
1023 4287 1241 4354 stehen,
1280 4287 1381 4340 der
1412 4287 1559 4340 auch
1584 4286 1682 4341 bei
1708 4286 1839 4342 Tac.
1870 4286 1963 4340 die
1990 4285 2074 4340 Re
2116 4286 2168 4339 el
2195 4285 2288 4354 ist,
2327 4304 2367 4342 s,
2397 4288 2649 4342 Heraeus

286 4376 368 4411 ,κῃ
412 4358 566 4482 1111εὲ1
587 4365 643 4428 1,
692 4364 786 4427 10,
825 4364 873 4412 9.
939 4359 1052 4413 Der
1088 4356 1360 4412 Gedanke
1404 4357 1547 4411 wird
1595 4373 1695 4411 aus
1747 4356 1858 4410 den
1903 4355 2073 4410 Schlu
2098 4359 2339 4411 sworten
2395 4359 2491 4413 des
2538 4359 2650 4413 Ka-

300 4428 418 4499 pite
444 4446 468 4481 s
568 4446 644 4485 ar.
