3075 4800
430 246 516 318 36
792 249 1131 306 CORNELII
1164 247 1407 304 TACITI
1441 246 1537 301 AB
1575 243 1898 301 EXCESSU
1933 241 2090 298 DIVI
2125 240 2443 297 AUGUSTI

355 443 408 482 ιο
435 419 650 480 centes
696 434 902 501 agere.
995 414 1293 496 suspecta
1335 409 1691 474 maioribus
1745 407 1986 482 nostris
2041 405 2305 470 fuerunt
2358 404 2619 491 ingenia
2663 426 2791 470 ser-

432 526 690 587 vorum,
753 503 949 567 etiam
1015 522 1161 565 cum
1226 499 1296 562 in
1349 498 1522 582 agris
1588 501 1702 561 aut
1757 496 2056 561 domibus
2111 495 2316 559 isdem
2374 497 2792 559 nascerentur

435 593 895 676 caritatemque
933 590 1340 653 dominorum
1378 587 1601 650 statim
1639 585 2017 669 acciperent
2108 587 2457 668 postquam
2493 604 2646 648 vero
2684 604 2791 646 na—

433 683 647 746 tiones
694 680 763 744 in
808 677 1075 743 familiis
1120 676 1458 759 habemus,
1509 675 1745 758 quibus
1792 669 2027 737 diversi
2073 674 2257 756 ritus,
2303 675 2568 735 externa
2613 692 2793 736 sacra

436 773 549 834 aut
595 768 777 833 nulla
823 769 992 850 sunt,
1039 765 1399 831 conluviem
1446 764 1641 827 istam
1686 782 1819 827 non
1864 762 1991 827 nisi
2037 764 2216 825 metu
2262 758 2634 825 coercueris.
2726 764 2795 824 at

358 885 410 926 15
440 858 701 942 quidam
755 856 1044 920 insontes
1099 853 1422 938 peribunt.
1511 874 1664 916 nam
1718 854 1786 915 et
1838 872 1918 914 cx
1962 850 2109 915 fuso
2156 849 2443 914 exercitu
2496 869 2644 915 cum
2690 849 2795 913 de·

437 967 662 1011 cumus
720 944 991 1027 quisque
1046 941 1208 1007 fusti
1250 942 1518 1026 feritur,
1578 940 1775 1012 etiam
1831 940 2076 1004 strenui
2132 937 2507 1003 sortiuntur.
2596 937 2793 1003 habet

437 1031 683 1117 aliquid
729 1054 809 1096 ex
854 1031 1079 1116 iniquo
1127 1053 1316 1096 omne
1360 1052 1672 1116 magnum
1718 1029 2111 1114 exemplum,
2169 1028 2342 1113 quod
2397 1032 2620 1095 contra
2665 1028 2793 1093 sin-

438 1121 629 1207 gulos
674 1119 957 1185 utilitate
1001 1119 1264 1204 publica
1311 1119 1728 1203 rependitur?

332 1210 422 1277 45
621 1208 990 1274 Sententiae
1039 1207 1245 1273 Cassii
1289 1211 1364 1272 ut
1406 1227 1598 1272 nemo
1644 1229 1811 1271 unus
1866 1211 2093 1272 contra
2137 1209 2231 1272 ire
2286 1228 2479 1273 ausus
2524 1211 2651 1293 est,
2704 1208 2796 1272 ita

443 1298 740 1362 dissonae
785 1318 974 1363 voces
1021 1296 1496 1381 respondebant
1542 1318 1882 1360 numerum
1931 1300 2047 1360 aut
2090 1299 2366 1362 aetatem
2413 1300 2526 1361 aut
2572 1317 2796 1361 sexum

434 1408 515 1451 ac
557 1387 986 1470 plurimorum
1035 1386 1369 1450 indubiam
1415 1385 1852 1449 innocentiam
1904 1384 2379 1450 miserantium:
2434 1384 2796 1469 praevaluit

439 1480 659 1540 tamen
701 1496 871 1559 pars,
917 1496 1079 1558 quae
1126 1474 1515 1559 supplicium
1565 1473 1959 1538 decernebat.
2042 1474 2155 1538 sed
2198 1474 2630 1558 obtemperari
2664 1495 2798 1538 non

388 1591 414 1632 5
440 1566 715 1649 poterat,
762 1563 1150 1650 conglobata
1194 1562 1613 1628 multitudine
1660 1565 1726 1627 et
1759 1584 1916 1626 saxa
1947 1583 2026 1627 ac
2060 1563 2233 1628 faces
2271 1563 2573 1626 minante.
2656 1565 2799 1625 tum

443 1651 674 1718 Caesar
728 1651 1042 1736 populum
1097 1652 1308 1717 edicto
1364 1651 1689 1735 increpuit
1742 1654 1936 1735 atque
1992 1672 2181 1716 omne
2235 1651 2383 1736 iter,
2442 1673 2570 1735 quo
2627 1651 2800 1715 dam-

440 1741 580 1805 nati
616 1741 698 1804 ad
734 1762 1007 1825 poenam
1047 1741 1461 1826 ducebantur,
1506 1739 1902 1804 militaribus
1942 1740 2279 1824 praesidiis
2317 1740 2571 1825 saepsit.
2655 1761 2800 1804 cen-

442 1834 660 1895 suerat
699 1829 1055 1914 Cingonius
1083 1828 1311 1913 Varr0,
1357 1833 1432 1893 ut
1466 1828 1687 1893 liberti
1727 1837 2001 1915 quoque,
2047 1830 2160 1913 qui
2205 1829 2324 1893 sub
2361 1829 2585 1892 eodem
2622 1831 2798 1893 tecto

440 1917 744 2003 fuissent,
803 1916 995 1981 Italia
1051 1919 1557 2001 deportarentur.
1649 1917 1716 1980 id
1780 1939 1819 1981 a
1872 1917 2162 2002 principe
2223 1916 2627 2001 prohibitum
2683 1919 2801 1999 est,

370 2034 422 2073 ιο
449 2027 529 2069 ne
574 2027 716 2069 mos
764 2006 1096 2090 antiquus,
1145 2026 1334 2090 quem
1380 2006 1825 2070 misericordia
1866 2027 2000 2069 non
2044 2006 2393 2090 minuerat,
2440 2026 2557 2090 per
2602 2005 2801 2070 saevi-

450 2094 611 2157 tiam
655 2094 1110 2158 intenderetur.

337 2184 424 2248 46
599 2181 980 2247 ‘Damnatus
1045 2182 1248 2247 isdem
1314 2182 1689 2247 consulibus
1745 2181 2117 2266 Tarquitius
2182 2180 2443 2247 Priscus
2506 2185 2802 2265 repetun-

447 2271 674 2334 darum
729 2270 1034 2354 Bithynis
1088 2271 1669 2356 interrogantibus,
1724 2292 1961 2356 magno
2015 2275 2274 2355 patrum
2329 2270 2595 2356 gaudio,
2651 2271 2801 2354 quia

443 2363 812 2424 accusatum
859 2360 939 2424 ab
988 2381 1062 2426 eo
1112 2357 1444 2424 Statilium
1491 2358 1796 2444 Taurum,
1839 2382 1958 2446 pro
2007 2360 2269 2426 consule
2313 2357 2537 2445 ipsius,
2581 2359 2802 2424 memi-

439 2453 684 2514 nerant.
778 2470 1002 2514 ccnsus
1068 2471 1185 2533 per
1241 2447 1481 2514 Gallias
1538 2472 1576 2513 a
1630 2447 1702 2526 Q.
1754 2449 2026 2514 Volusio
2084 2453 2149 2514 et
2210 2448 2432 2514 Sextio
2487 2447 2796 2513 Africano

440 2643 620 2708 raten‚
658 2641 742 2694 als
779 2640 926 2695 auch
962 2639 1078 2709 die,
1115 2640 1328 2695 welche
1363 2640 1464 2694 ihn
1499 2641 1691 2695 fassen
1725 2641 1870 2712 (Joh.
1899 2640 2139 2711 Mfiller).
2200 2641 2209 2712 Ι
2270 2646 2355 2696 12.
2398 2640 2510 2695 Mit
2543 2641 2799 2696 nationes

439 2711 581 2765 wird
618 2711 779 2766 nicht
804 2710 953 2765 bloss
990 2710 1083 2766 die
1109 2711 1332 2784 Menge,
1371 2713 1614 2768 sondern
1651 2712 1797 2767 auch
1834 2711 1926 2766 die
1956 2711 2355 2766 verschiedene
2383 2712 2802 2781 Abstammung

441 2781 785 2837 bezeichnet.
852 2781 978 2852 Vgl.
1011 2788 1059 2850 3,
1091 2787 1158 2836 53
1195 2784 1545 2851 familiarum
1578 2801 1867 2839 umerum
1902 2789 1955 2838 et
1987 2784 2254 2839 nationes.
2303 2782 2311 2855 Ι
2348 2790 2645 2864 postquam
2677 2799 2803 2838 vero

443 2855 608 2923 (statt
655 2853 754 2907 des
798 2852 914 2908 fast
956 2853 1357 2909 formelhaften
1403 2861 1599 2924 postea
1642 2871 1766 2910 vero
1811 2857 1994 2924 quam)
2050 2854 2225 2908 schon
2270 2853 2365 2908 bei
2412 2853 2523 2909 Cic.
2573 2854 2644 2908 de
2690 2852 2799 2907 inv.

444 2930 494 2993 1,
523 2930 574 2991 2,
603 2930 653 2992 3,
691 2923 787 2978 bei
822 2924 940 2979 Liv.
982 2929 1032 2993 3,
1062 2930 1149 2992 35,
1181 2930 1238 2992 13
1276 2930 1363 2994 36,
1393 2930 1480 2993 29,
1511 2931 1559 2980 1.
1607 2927 1616 2996 Ι
1663 2930 1747 2980 15.
1784 2943 1918 2980 nam
1953 2932 2003 2980 et
2041 2924 2388 2995 ‘allerdings,
2427 2925 2578 2979 denn
2615 2923 2803 2991 auch’,

442 3012 511 3048 zu
541 3000 742 3064 14,·11,
771 3000 821 3050 9.
886 3002 937 3050 et
963 2994 1121 3050 stellt
1147 2997 1290 3050 servi
1316 2995 1434 3050 und
1460 2997 1729 3052 exercitus
1756 3012 2095 3065 zusammen,
2132 2997 2298 3051 etiam
2334 2995 2427 3050 die
2455 2997 2651 3067 iqnavi
2683 2994 2803 3049 und

440 3066 666 3121 strenui.
726 3067 736 3137 Ι
793 3067 1050 3121 decumus
1093 3068 1318 3136 quisque
1364 3069 1461 3122 ctt.
1527 3066 1639 3120 Ein
1682 3066 1930 3137 Beispiel
1984 3083 2094 3122 von
2140 3066 2326 3121 dieser
2368 3068 2473 3121 Art
2519 3067 2618 3120 der
2661 3065 2800 3119 Hin-

442 3135 714 3205 richtung
747 3136 891 3191 wird
927 3142 986 3205 3,
1024 3141 1091 3190 21
1133 3137 1364 3192 erzahlt.
1441 3135 1535 3192 Sie
1572 3137 1789 3192 kommt
1824 3140 2011 3192 zuerst
2046 3137 2126 3192 im
2159 3138 2209 3193 J.
2244 3142 2345 3191 471
2386 3156 2433 3192 v.
2467 3136 2592 3192 Chr.
2630 3153 2744 3191 vor.
2788 3136 2796 3209 Ι

446 3212 529 3260 16.
575 3208 733 3262 habet
769 3238 835 3247 —
873 3208 1194 3277 rependibwr
1252 3208 1270 3236 ‘
1290 3207 1440 3263 'edes
1483 3208 1961 3263 nachdrflckliche
2008 3207 2414 3278 Strafexempel
2467 3207 2571 3261 hat
2626 3209 2802 3262 etwas

442 3276 787 3347 Unbilliges,
827 3278 929 3331 das
967 3278 1128 3345 aber,
1174 3278 1276 3333 fre'
1309 3278 1396 3332 'ch
1432 3279 1537 3333 auf
1567 3280 1779 3334 Kosten
1817 3280 1917 3334 der
1953 3279 2285 3347 Einzelnen,
2332 3278 2508 3332 durch
2546 3279 2657 3332 den
2694 3278 2800 3331 all-

485 3347 742 3472 ‹Zizlneffip
785 3348 1009 3403 Nutzen
1063 3349 1274 3404 wieder
1328 3351 1700 3421 gutgemacht
1746 3350 1930 3406 wird'.
1996 3348 2627 3420 Nagelsbach-Mfiller:
2675 3348 2802 3402 Lat.

556 3435 605 3472 ιε
767 3438 821 3488 p.
852 3425 974 3476 494.

622 3487 722 3544 45.
773 3495 821 3544 1.
858 3507 1015 3546 mmo
1049 3509 1197 3547 wnus
1236 3492 1393 3547 ‘kein
1421 3491 1716 3561 einzelner‚
1754 3492 1923 3547 keine
1958 3491 2281 3558 bestimmte
2306 3489 2802 3556 Personlichkeit',

444 3559 550 3614 wie
578 3559 709 3614 hist.
744 3567 792 3629 1,
823 3567 890 3615 82
918 3564 1054 3643 quia
1080 3565 1346 3619 nemmem
1373 3580 1550 3618 wnum
1581 3565 1854 3618 destinare
1879 3565 1999 3618 irae
2019 3569 2288 3632 poterant.
2331 3563 2341 3633 Ι
2391 3567 2440 3616 8.
2480 3560 2804 3631 Cingonius,

444 3629 523 3684 im
550 3630 598 3684 J.
621 3636 690 3685 68
720 3630 1093 3701 desig-merter
1118 3633 1350 3703 Konsul,
1378 3633 1520 3688 wird
1549 3650 1745 3704 wegen
1773 3634 2101 3688 Teilnahme
2133 3649 2206 3686 an
2234 3633 2365 3687 dem
2388 3631 2806 3703 misslungenen

443 3701 1067 3782 Empbrungsversuche
1107 3704 1205 3759 des
1241 3703 1621 3774 Nymphidius
1660 3704 1902 3759 Sabinus
1950 3704 2053 3758 auf
2082 3703 2282 3758 Befehl
2320 3703 2420 3757 des
2459 3702 2645 3757 Galba
2678 3702 2803 3756 hin·

445 3772 739 3895 {ffichtet
805 3773 933 3843 Vgl.
971 3774 1101 3829 hist.
1144 3780 1193 3843 1,
1231 3781 1290 3843 6,
1328 3781 1395 3830 37
1465 3776 1473 3846 ξ
1543 3781 1593 3831 9.
1631 3777 1823 3832 Italia.
1898 3763 2052 3830 Uber
2088 3775 2197 3829 den
2233 3773 2456 3828 blossen
2492 3772 2725 3828 Ablativ
2760 3791 2800 3828 s,

624 3911 724 3968 46.
781 3920 829 3969 1.
878 3914 1205 3984 Tarquitius
1240 3933 1358 3970 war
1392 3916 1473 3970 im
1507 3917 1557 3972 J.
1597 3922 1666 3970 53
1705 3933 1806 3971 aus
1844 3916 1970 3971 dem
2011 3916 2186 3972 Senat
2221 3914 2533 3985 gestossen,
2578 3914 2708 3969 weil
2745 3931 2805 3969 er

449 3983 559 4037 den
586 3999 695 4037 von
722 3984 822 4066 der
840 3984 1155 4109 Agrippina
1179 3986 1495 4057 verfolgten
1514 3987 1775 4043 Statilius
1805 3987 1983 4041 durch
2012 3986 2136 4042 eine
2156 3985 2419 4055 Anklage
2445 4004 2574 4039 zum
2592 3985 2805 4039 Selbst-

447 4054 641 4108 morde
669 4056 964 4124 gettieben
1032 4059 1166 4111 atte.
1216 4056 1269 4112 S.
1292 4063 1376 4125 12,
1398 4062 1482 4111 59.
1548 4058 1626 4112 Er
1652 4058 1800 4112 muss
1827 4057 2165 4113 inzwischen
2193 4056 2511 4127 begnadigt
2537 4056 2655 4110 und
2673 4056 2805 4111 Pro-

447 4124 652 4178 konsul
697 4142 806 4179 von
843 4125 1150 4196 Bithynien
1184 4128 1300 4181 und
1337 4128 1549 4183 Pontus
1634 4130 1894 4184 eworden
1940 4128 2077 4183 sein.
2139 4130 2147 4199 Ι
2208 4134 2256 4181 2.
2304 4130 2644 4200 ivttmoyare
2684 4129 2805 4180 ‘an-

447 4194 699 4265 klagen’,
739 4213 780 4250 s.
821 4214 889 4250 zu
930 4203 1014 4264 13,
1053 4203 1139 4264 14,
1177 4204 1225 4252 6.
1276 4202 1285 4268 Ι
1335 4201 1469 4268 quia
1507 4200 1591 4253 ‘in
1632 4215 1736 4269 em,
1780 4201 1972 4268 denn',
2012 4217 2052 4253 s.
2092 4216 2162 4252 zu
2200 4204 2250 4267 3,
2280 4204 2331 4267 8,
2363 4204 2412 4252 7.
2465 4199 2473 4268 Ι
2524 4204 2575 4254 4.
2613 4214 2806 4254 census

448 4282 606 4336 agere
642 4266 815 4321 heisst
851 4268 954 4321 das
982 4268 1298 4338 Vermogen
1337 4269 1693 4340 abschatzen,
1730 4289 1826 4324 um
1854 4270 2077 4325 danach
2116 4268 2209 4325 die
2239 4268 2501 4323 direkten
2527 4268 2807 4339 Abgabcn

449 4352 518 4388 zu
544 4336 894 4392 bestimmen.
930 4340 938 4408 Ι
981 4337 1043 4403 Q.
1073 4338 1336 4393 Volusius
1364 4357 1481 4395 war
1506 4340 1587 4394 im
1613 4341 1662 4395 J.
1693 4347 1762 4396 56
1790 4340 2004 4396 Konsul
2032 4355 2306 4412 gewesen.
2351 4341 2359 4410 Ι
2399 4327 2553 4395 Uber
2583 4340 2805 4395 Sextius

450 4404 748 4462 Africanus
788 4426 829 4463 a.
867 4427 936 4462 zu
976 4414 1060 4477 13,
1092 4415 1174 4464 19.
1892 4434 1896 4439 ·
