3075 4800
1015 262 1231 317 LIBER
1266 261 1383 317 XV.
1440 261 1594 317 CAP.
1633 267 1858 317 36-38.
2535 263 2613 326 ’Π

263 423 567 500 foedatus
629 423 796 489 nihil
849 423 1082 510 flagitii
1134 424 1506 508 reliquerat,
1572 445 1700 508 quo
1762 426 2127 509 corruptior
2183 428 2428 511 ageret,
2490 425 2618 489 nisi
2647 450 2697 491 ιε

264 533 511 597 paucos
574 516 724 595 post
786 512 920 577 dies
984 513 1096 577 uni
1159 534 1239 577 ex
1290 513 1406 577 illo
1461 514 2042 578 contaminatorum
2107 534 2301 599 grege
2356 511 2621 600 (nomen

266 600 680 687 Pythagorae
725 598 880 687 fuit)
925 601 995 665 in
1038 601 1302 666 modum
1347 600 1756 666 sollemnium
1802 602 2248 687 coniugiorum
2293 601 2622 685 denupsis-

260 693 378 754 set.
470 690 748 754 inditum
794 690 1168 773 imperatori
1212 690 1609 773 flammeum,
1662 690 1844 754 missi
1889 689 2197 774 auspices,
2241 690 2358 754 dos
2404 693 2470 753 et
2513 711 2619 775 ge·

255 777 454 844 nialis
510 781 691 842 torus
745 780 810 841 et
862 777 1035 843 faces
1079 777 1429 862 nuptiales,
1482 780 1715 843 cuncta
1768 777 2041 862 denique
2087 780 2400 861 spectata,
2456 799 2619 861 quae

259 867 463 931 etiam
510 866 581 930 in
622 865 865 930 femina
909 887 1041 931 nox
1087 867 1313 950 operit.
2647 889 2701 931 ιο

443 953 751 1037 Sequitur
812 953 1053 1038 clades,
1114 955 1284 1019 forte
1347 976 1432 1018 an
1485 954 1636 1018 dolo
1700 954 2010 1038 principis
2069 954 2385 1019 incertum
2440 950 2620 1039 (nam
2640 953 2725 1019 38

255 1046 611 1125 utrumque
657 1043 951 1106 auctores
986 1041 1372 1129 prodidere),
1417 1042 1529 1107 sed
1567 1042 1884 1125 omnibus,
1931 1064 2093 1126 quae
2128 1041 2281 1106 huic
2316 1042 2472 1105 urbi·
2507 1063 2623 1124 per

259 1130 642 1195 violentiam
687 1128 939 1215 ignium
985 1131 1380 1215 acciderunt,
1436 1131 1696 1217 gravior
1740 1135 1933 1215 atque
1979 1131 2272 1195 atrocior.
2363 1130 2623 1193 initium

260 1218 334 1282 in
392 1240 468 1281 ea
531 1221 714 1301 parte
777 1217 932 1281 circi
995 1224 1236 1303 ortum,
1300 1240 1464 1302 quae
1519 1218 1818 1284 Palatino
1884 1217 2225 1303 Caelioque
2293 1218 2621 1282 montibus

260 1306 571 1392 contigua
614 1308 737 1389 est,
789 1306 901 1370 ubi
945 1328 1061 1390 per
1106 1308 1430 1390 tabernas,
1486 1307 1723 1391 quibus
1768 1307 1835 1371 id
1880 1307 2369 1372 mercimonium
2416 1307 2623 1370 inerat
2675 1332 2702 1373 ⁶

264 1415 396 1479 quo
452 1395 711 1460 flamma
766 1394 988 1480 alitur,
1049 1395 1244 1460 simul
1297 1399 1563 1479 coeptus
1618 1396 1789 1482 ignis
1849 1399 1914 1460 et
1969 1396 2190 1460 statim
2242 1395 2492 1459 validus
2548 1415 2622 1459 ac

259 1486 459 1547 vento
516 1482 682 1546 citus
735 1481 1210 1570 longitudinem
1265 1485 1419 1550 circi
1473 1484 1802 1568 corripuit.
1894 1505 2101 1568 neque
2166 1484 2336 1548 enim
2393 1482 2622 1548 domus

258 1570 681 1635 munimentis
737 1577 995 1655 saeptae
1057 1573 1161 1637 vel
1213 1572 1457 1656 templa
1508 1573 1713 1637 muris
1775 1573 1987 1638 cincta
2049 1576 2162 1637 aut
2227 1572 2384 1655 quid
2446 1570 2624 1635 aliud

264 1680 486 1726 morae
531 1659 965 1725 interiacebat.
1056 1662 1302 1745 impetu
1356 1665 1776 1748 pervagatum
1830 1660 2196 1728 incendium
2251 1660 2445 1743 plana
2496 1661 2624 1743 pri-

272 1769 471 1830 mum,
516 1747 743 1811 deinde
787 1749 859 1813 in
898 1749 1069 1813 edita
1113 1750 1463 1836 adsurgens
1510 1754 1577 1814 et
1619 1771 1842 1815 rursus
1888 1749 2193 1813 inferiora
2236 1748 2623 1834 populando,
2652 1773 2705 1813 ιο

271 1836 503 1902 anteiit
546 1834 828 1901 remedia
871 1838 1212 1903 velocitate
1255 1839 1412 1903 mali
1456 1842 1523 1903 et
1564 1838 1843 1902 obnoxia
1876 1838 2036 1901 urbe
2080 1838 2237 1901 artis
2282 1837 2624 1900 itineribus

273 1922 530 2005 hucque
566 1926 632 1987 et
666 1923 823 1990 illuc
857 1926 1042 1991 flexis
1087 1931 1281 2010 atque
1321 1927 1691 1991 enormibus
1728 1927 1905 2010 vicis,
1951 1925 2161 2009 qualis
2195 1928 2381 1988 vetus
2416 1924 2625 1990 Roma

271 2011 419 2075 fuit.
510 2011 592 2074 ad
632 2009 760 2074 hoc
800 2014 1084 2078 lamenta
1126 2015 1499 2097 paventium
1545 2014 1948 2097 feminarum,
1991 2013 2162 2077 fessa
2200 2011 2465 2095 [aetate]
2514 2015 2625 2075 aut

276 2098 457 2163 rudis
517 2098 833 2181 pueritiae
895 2105 1097 2185 aetas,
1171 2103 1410 2187 quique
1475 2101 1600 2165 sibi
1664 2102 1903 2185 quique
1969 2100 2116 2165 aliis
2187 2099 2625 2182 consulebant,

267 2187 422 2251 dum
467 2184 734 2249 trahunt
777 2189 1094 2255 invalidos
1140 2194 1252 2255 aut
1298 2190 1747 2274 opperiuntur,
1796 2210 1945 2274 pars
1991 2209 2198 2272 mora,
2252 2208 2403 2271 pars
2448 2187 2625 2251 festi·
2653 2213 2703 2254 ιε

264 2289 447 2358 nanS,
488 2278 723 2339 cuncta
765 2278 1214 2362 impediebant.
1290 2282 1356 2342 et
1401 2300 1606 2362 saepe,
1653 2278 1806 2342 dum
1844 2277 1913 2341 in
1949 2280 2204 2363 tergum
2240 2279 2623 2359 respectant,

265 2364 576 2430 lateribus
623 2371 735 2432 aut
778 2367 992 2434 fronte
1037 2367 1726 2451 circumveniebantur,
1776 2366 1881 2431 vel
1926 2366 1982 2430 si
2025 2365 2096 2430 in
2137 2364 2433 2450 proxima
2479 2385 2619 2428 eva-

268 2458 508 2538 serant,
562 2452 694 2517 illis
741 2479 997 2542 quoque
1042 2457 1180 2544 igni
1225 2458 1564 2540 correptiS,
1621 2458 1815 2520 etiam
1871 2476 2032 2539 quae
2085 2454 2444 2540 longinqua
2489 2474 2620 2518 cre-

268 2655 441 2719 avidi,
480 2658 538 2722 3,
577 2657 671 2721 51,
716 2648 833 2704 Liv.
872 2654 931 2718 6,
971 2655 1064 2718 14,
1095 2655 1176 2703 10.
1245 2650 1255 2720 Ι
1325 2653 1406 2703 16.
1445 2656 1674 2703 contam.
1712 2662 1870 2718 yreye
1903 2645 2053 2700 nach
2088 2645 2219 2700 Hor.
2256 2644 2314 2700 O.
2357 2651 2415 2711 1,
2454 2649 2552 2712 37,
2592 2649 2623 2696 9

272 2725 644 2779 contaminato
685 2737 808 2777 cum
842 2737 998 2800 φερε
1033 2722 1279 2788 turpium
1314 2720 1497 2774 morbo
1532 2720 1790 2773 viromm.
1851 2720 1860 2786 Ι
1921 2723 2004 2772 17.
2042 2732 2238 2771 nomen
2274 2716 2628 2785 Pythayorae

271 2795 408 2862 ἰωῆς
442 2793 585 2846 fiber
621 2793 732 2846 den
758 2787 997 2844 Genetiv
1033 2807 1075 2843 s.
1118 2795 1166 2856 1,
1193 2795 1280 2857 45,
1310 2795 1361 2842 8.
1410 2795 1419 2855 Ι
1469 2790 1751 2853 dewubere,
1787 2787 1932 2841 auch
1969 2793 2018 2854 6,
2049 2792 2133 2840 27.
2198 2786 2266 2839 In
2301 2783 2627 2838 demselben

274 2862 559 2918 obscbnen
586 2861 757 2915 Sinne
793 2859 887 2913 bei
915 2859 1068 2913 Suet.
1088 2858 1239 2913 Nero
1257 2863 1324 2912 29
1353 2860 1446 2913 cui
1473 2858 1848 2926 (Doryphoro)
1876 2857 2057 2922 etiam,
2091 2858 2234 2911 sicut
2260 2856 2371 2923 ipsi
2399 2854 2626 2922 Sporus,

272 2936 355 2989 ita
390 2935 506 3001 ipse
540 2932 823 3000 denupsit,
867 2946 1018 2985 voces
1062 2945 1268 2998 quoque
1313 2935 1365 2983 et
1408 2930 1646 2982 eiulatus
1679 2929 1790 2981 vim
1818 2927 2152 2995 patientium
2185 2927 2464 2995 viryinum
2500 2925 2624 2978 imi-

271 3010 435 3060 tatus.
495 3004 504 3073 Ι
566 3006 649 3056 18.
687 3001 841 3056 missi
876 3001 1123 3068 auspices
1166 3015 1276 3052 von
1319 2998 1450 3053 dem
1483 2998 1860 3067 Pythagoras,
1911 3011 1953 3050 s.
1994 3013 2062 3050 zu
2100 3002 2193 3065 11,
2232 3001 2298 3049 27
2339 2996 2629 3064 auspicum

272 3075 450 3130 verba.
501 3075 510 3142 1
562 3078 647 3127 19.
683 3076 926 3154 spectata
964 3070 1104 3123 ‘war
1130 3086 1200 3122 zu
1227 3069 1439 3138 sehen’‚
1478 3086 1520 3123 s.
1551 3085 1620 3121 zu
1648 3076 1699 3135 4,
1730 3073 1780 3135 7,
1809 3072 1858 3121 9.
1910 3070 1919 3136 Ι
1969 3072 2055 3122 20.
2092 3068 2157 3122 in
2190 3066 2401 3134 femina
2441 3066 2627 3119 ‘wenn

274 3161 334 3200 es
373 3144 496 3198 sich
530 3161 628 3197 um
664 3143 758 3197 die
793 3140 1208 3210 Heimffihrung
1243 3138 1398 3194 eines
1428 3138 1659 3193 Weibes
1696 3136 1973 3206 handelt',
2012 3155 2054 3191 s.
2093 3155 2160 3191 zu
2198 3143 2250 3205 2,
2277 3142 2365 3205 41,
2396 3142 2480 3190 13.

451 3214 551 3270 38.
606 3221 658 3268 4.
705 3215 770 3268 in
814 3229 878 3268 ea
915 3218 1079 3281 parte
1124 3213 1221 3265 ctt.
1295 3209 1372 3264 Es
1416 3209 1496 3265 ist
1542 3209 1634 3264 die
1674 3207 2054 3263 nordbstliche
2091 3206 2243 3263 Seite
2288 3208 2388 3263 des
2426 3206 2625 3261 Cirkus

275 3284 569 3341 maximus.
639 3286 648 3356 1
718 3289 766 3339 5.
824 3284 1104 3349 tabernas,
1158 3280 1490 3339 Kaufladen
1547 3297 1621 3334 an
1666 3280 1765 3335 der
1807 3278 2163 3334 Aussenseite
2210 3278 2307 3333 des
2355 3276 2571 3332 Cirkus.
2615 3277 2624 3349 Ι

274 3357 681 3413 „wrcimonium
717 3356 875 3409 sonst
909 3371 1016 3408 nur
1049 3352 1130 3405 im
1164 3352 1288 3406 Alt-
1323 3351 1438 3405 und
1478 3349 1811 3420 Spatlatein.
1862 3352 1872 3417 Ι
1924 3355 1971 3403 7.
2010 3351 2152 3406 citus
2187 3351 2331 3403 statt
2365 3350 2625 3404 concinis,

276 3427 328 3482 S.
365 3426 511 3481 Einl.
551 3433 582 3492 ξ
611 3431 695 3481 13.
755 3429 765 3494 Ι
823 3431 872 3479 8.
912 3425 1252 3479 mumime‘nta
1288 3421 1416 3475 sind
1451 3422 1687 3476 Manem
1723 3437 1798 3475 an
1834 3420 1946 3474 den
1981 3419 2172 3475 Seiten
2209 3420 2310 3474 der
2344 3419 2577 3474 Hauser.
2616 3418 2623 3489 Ι

277 3499 359 3554 vel
386 3529 455 3539 —-
484 3505 601 3565 aut,
637 3514 680 3550 s.
718 3512 788 3549 zu
828 3501 912 3564 14,
941 3500 992 3563 3,
1021 3500 1070 3549 2.
1131 3498 1138 3560 Ι
1199 3500 1231 3548 9
1285 3480 1441 3546 Uber
1476 3493 1586 3546 den
1620 3490 1885 3546 modalen
1920 3490 2111 3545 Ablat.
2149 3492 2356 3559 impetu
2402 3508 2444 3543 s.
2482 3487 2627 3543 Einl.

282 3574 312 3634 ξ
341 3574 427 3622 38.
484 3570 497 3637 1
556 3573 640 3625 10.
679 3566 981 3637 adsumens
1007 3564 1449 3634 -populando,
1494 3580 1537 3617 s.
1577 3580 1646 3616 zu
1684 3568 1778 3631 13,
1815 3566 1913 3629 47,
1949 3567 1981 3614 3
2018 3562 2239 3616 waben-3
2268 3591 2336 3600 —
2362 3561 2627 3627 interpre-

279 3639 463 3693 tando.
525 3640 535 3706 Ι
595 3642 678 3691 11.
725 3637 967 3691 obnoxia
1010 3636 1157 3689 urbe.
1232 3634 1308 3687 Es
1353 3634 1508 3687 kann
1552 3632 1728 3687 leicht
1781 3647 1882 3685 aus
1931 3632 2068 3685 mali
2121 3648 2190 3684 zu
2235 3631 2474 3685 obnoxia
2531 3629 2633 3683 der

281 3706 449 3761 Dativ
486 3708 630 3762 malo
675 3709 908 3776 ergamt
942 3705 1166 3760 werden
1201 3706 1367 3773 (malo
1402 3705 1643 3758 obnoxia
1681 3703 1834 3757 ‘dem
1867 3701 1957 3756 Un
1997 3701 2131 3755 lfick
2165 3699 2438 3755 verfallen
2452 3744 2465 3767 ‚
2512 3715 2632 3753 ver-

283 3776 640 3846 schrieben').
702 3777 905 3831 Besser
939 3775 1077 3829 aber
1110 3774 1189 3829 ist
1226 3790 1285 3828 es
1321 3775 1562 3829 obnoxia
1597 3772 1823 3828 absolut
1848 3790 1917 3826 zu
1970 3788 2134 3826 assen
2174 3770 2345 3841 ‘preis
2418 3770 2623 3841 geben'

283 3847 433 3919 (‘auf
468 3846 814 3909 eschrieben’
858 3848 988 3916 sagt
1031 3845 1124 3899 die
1166 3843 1734 3915 Umgangssprache).
1807 3843 1945 3897 Zum
1990 3842 2287 3897 absoluten
2417 3842 2634 3897 brauch

282 3918 389 3988 vgl.
469 3932 556 3972 en.
595 3933 680 3987 ep,
721 3922 817 3984 65,
856 3922 921 3970 21
960 3919 1026 3971 in
1058 3918 1157 3971 hoc
1192 3917 1426 3971 obnoxio
1463 3914 1760 3985 (‘unfrei')
1795 3914 2071 3969 domicilio
2106 3915 2329 3969 animas
2365 3914 2500 3968 liber
2533 3913 2631 3967 ha-

287 3991 439 4058 bitat,
478 3987 621 4042 Plin.
660 3990 775 4042 nat.
805 3987 935 4043 hist.
967 3994 1053 4056 31,
1082 3992 1131 4053 6,
1162 3992 1231 4040 60
1268 4003 1383 4041 non
1417 3986 1557 4041 alibi
1591 3986 1906 4054 corporibus
1940 3986 2116 4056 mayis
2150 3985 2417 4040 obnoxiis,
2482 3970 2634 4036 Uber

285 4061 396 4116 den
433 4059 732 4114 absoluten
760 4057 1057 4114 Gebrauch
1085 4058 1183 4112 des
1213 4057 1436 4111 Wortes
1463 4055 1560 4111 bei
1586 4057 1865 4113 Personen
1903 4074 1944 4111 s.
1973 4056 2223 4111 Heraeus
2260 4074 2336 4119 zu⁴
2354 4054 2485 4108 hist.
2506 4059 2566 4132 ,1,
2599 4057 2627 4104 1

285 4133 365 4188 ita
409 4132 622 4186 neumis
674 4146 811 4185 ewra
850 4130 1188 4198 posteritatis
1241 4129 1387 4184 εἶπεν
1421 4128 1675 4194 infensos
1727 4128 1810 4182 vel
1852 4128 2112 4182 obnoxios
2157 4127 2198 4195 (θ
2212 4125 2286 4177 da
2331 4123 2423 4177 die
2469 4136 2633 4175 emen

286 4200 607 4270 verbittert,
655 4199 747 4255 die
785 4200 999 4254 andern
1036 4198 1328 4269 abhangig
1360 4213 1552 4251 waren
1564 4198 1620 4267 ').
1752 4203 1835 4251 13.
1882 4198 1957 4252 ad
1992 4198 2089 4251 hoc
2116 4222 2183 4242 =-=
2211 4194 2352 4261 πρὸς
2398 4190 2633 4270 witois,

286 4272 391 4326 wie
430 4278 515 4339 12,
544 4278 613 4326 34
648 4290 702 4326 u.
735 4288 783 4325 a.
835 4272 845 4343 1
893 4271 1037 4338 fessa
1077 4269 1380 4324 ‘kraftlos'.
1436 4269 1446 4338 Ι
1498 4274 1581 4322 14.
1714 4284 1774 4322 ει·
1818 4268 1921 4321 das
1957 4264 2221 4348 doppelte
2258 4279 2358 4331 que
2404 4278 2445 4314 s.
2485 4260 2631 4314 Eml.

289 4348 319 4408 ξ
345 4347 429 4396 66.
477 4346 486 4411 Ι
539 4348 622 4396 15.
650 4358 804 4396 mora
822 4373 892 4382 —
911 4342 1182 4409 festinans
1207 4338 1559 4394 koordim'ert
1582 4338 1691 4392 wie
1719 4338 1824 4406 ΚΡ.
1855 4344 1922 4391 36
1950 4336 2208 4404 ωιμάίηε
2228 4363 2294 4372 -
2313 4336 2583 4384 metuenti.
2621 4330 2628 4400 Ι

295 4417 376 4466 17.
417 4412 678 4467 lateribus
714 4419 815 4469 aut
843 4413 1029 4480 fronte
1063 4410 1172 4466 wie
1207 4410 1313 4482 ΚΡ.
1345 4414 1412 4463 37
1451 4409 1838 4479 crepidinibus.
