3075 4800
400 265 484 327 14
756 263 1098 319 CORNELII
1133 262 1376 318 TACITI
1411 264 1508 317 AB
1546 262 1867 319 EXCESSU
1901 263 2057 317 DIVI
2094 262 2411 319 AUGUSTI

396 425 643 490 servitii
688 426 896 491 victor
943 423 1331 510 Capitolium
1380 426 1556 510 adiit,
1603 430 1815 511 grates
1854 426 2146 511 exsolvit,
2192 448 2386 510 seque
2423 427 2492 490 in
2529 449 2757 493 omnes

394 514 696 579 libidines
751 514 1002 597 effudit,
1058 535 1217 597 quas
1264 515 1430 578 male
1482 515 1789 580 coercitas
1849 515 2332 599 qualiscumque
2387 517 2611 580 matris
2658 539 2751 581 re-

395 603 683 667 verentia
727 602 1105 666 tardaverat.

292 691 376 755 14
572 691 779 755 Vetus
816 691 915 754 illi
951 691 1185 774 cupido
1224 695 1362 756 erat
1407 692 1726 756 curriculo
1773 692 2229 777 quadrigarum
2275 692 2588 777 insistere,
2632 715 2756 758 nec

395 780 608 844 minus
672 779 931 843 foedum
998 779 1281 843 studium
1346 779 1594 845 cithara
1653 779 1971 845 ludicrum
2047 781 2117 843 in
2179 780 2441 844 modum
2507 802 2751 846 canere.

396 872 758 933 concertare
805 868 987 951 equis
1033 869 1284 954 regium
1342 872 1407 932 et
1452 868 1736 952 antiquis
1783 868 2053 932 ducibus
2098 868 2464 934 factitatum
2511 891 2749 934 memo-

394 958 604 1041 rabat,
659 957 851 1040 idque
895 961 1118 1021 vatum
1163 957 1462 1021 laudibus
1508 957 1756 1022 celebre
1809 959 1874 1020 et
1919 957 2184 1020 deorum
2230 956 2462 1021 honori
2508 958 2751 1023 datum.

339 1071 366 1112 5
395 1045 718 1109 enimvero
774 1048 999 1110 cantus
1053 1043 1345 1128 Apollini
1401 1067 1640 1129 sacros,
1704 1044 1948 1128 talique
2012 1049 2242 1110 ornatu
2307 1046 2557 1110 adstare
2615 1068 2750 1111 non

396 1134 587 1198 modo
646 1132 904 1198 Graecis
964 1134 1033 1197 in
1091 1134 1386 1219 urbibus,
1450 1135 1563 1198 sed
1616 1134 1909 1198 Romana
1972 1134 2142 1217 apud
2205 1135 2448 1217 templa
2508 1156 2749 1199 numen

391 1222 808 1307 praecipuum
854 1226 920 1286 et
963 1223 1338 1305 praescium.
1427 1244 1548 1287 nec
1593 1223 1721 1286 iam
1769 1223 1910 1286 sisti
1955 1226 2227 1306 poterat,
2278 1244 2425 1286 cum
2472 1222 2751 1288 Senecae

393 1332 466 1376 ac
519 1311 727 1375 Burro
783 1311 1021 1394 visum,
1082 1333 1164 1375 ne
1227 1314 1499 1395 utraque
1562 1312 1985 1396 pervinceret,
2049 1310 2322 1375 alterum
2387 1312 2749 1376 concedere.

392 1399 808 1483 clausumque
843 1399 1010 1463 valle
1046 1399 1361 1464 Vaticana
1397 1400 1697 1484 spatium,
1744 1399 1812 1463 in
1849 1421 1977 1483 quo
2025 1421 2224 1483 equos
2260 1403 2529 1485 regeret,
2574 1400 2749 1463 haud

313 1515 366 1553 ιο
392 1488 715 1571 promisco
763 1487 1143 1571 spectaculo.
1236 1510 1387 1552 mox
1434 1488 1606 1552 ultro
1653 1489 1869 1552 vocari
1914 1488 2192 1571 populus
2237 1487 2568 1552 Romanus
2613 1487 2747 1552 lau-

393 1576 707 1659 dibusque
771 1575 1105 1659 extollere,
1169 1579 1243 1640 ut
1298 1580 1395 1641 est
1458 1577 1692 1663 vulgus
1748 1576 2011 1659 cupiens
2065 1576 2472 1659 voluptatum
2533 1580 2623 1660 et,
2689 1577 2746 1641 si

392 1664 615 1727 eodem
660 1665 956 1747 princeps
1006 1664 1247 1748 trahat,
1302 1665 1560 1729 laetum.
1651 1668 1934 1730 ceterum
1981 1665 2318 1750 evulgatus
2363 1664 2571 1748 pudor
2613 1685 2748 1729 non

394 1752 782 1836 satietatem,
846 1756 922 1815 ut
983 1752 1314 1838 rebantur,
1388 1753 1499 1818 sed
1562 1754 2050 1818 incitamentum
2117 1753 2351 1818 attulit.
2441 1757 2749 1836 ratusque

393 1840 664 1904 dedecus
720 1840 987 1926 molliri,
1043 1842 1098 1905 si
1152 1841 1369 1924 plures
1423 1842 1768 1927 foedasset,
1823 1842 2140 1906 nobilium
2194 1841 2585 1906 familiarum
2635 1863 2746 1925 po-

313 1954 365 1995 15
394 1933 598 1994 steros
664 1933 947 2015 egestate
1011 1930 1266 1994 venales
1332 1931 1400 1994 in
1465 1952 1758 1995 scaenam
1823 1931 2119 2016 deduxit3
2184 1952 2344 2014 quos
2408 1931 2543 1994 fato
2607 1951 2745 2013 per-

392 2019 649 2083 functos
711 2040 792 2082 ne
851 2019 1233 2083 nominatim
1293 2019 1570 2104 tradam,
1633 2019 1983 2084 maioribus
2048 2040 2270 2083 eorum
2333 2018 2745 2083 tribuendum

391 2111 567 2190 put0.
656 2129 807 2171 nam
864 2107 985 2192 [et]
1042 2108 1179 2172 eius
1233 2107 1554 2194 flagitium
1611 2112 1733 2192 est,
1798 2109 1910 2192 qui
1964 2107 2302 2191 pecuniam
2362 2108 2444 2171 ob
2512 2106 2749 2171 delicta

390 2196 609 2279 potius
656 2195 848 2279 dedit,
895 2218 1088 2280 quam
1133 2218 1215 2260 ne
1262 2196 1721 2280 delinquerent.
1794 2201 1986 2260 notos
2035 2216 2289 2279 quoque
2334 2196 2580 2279 equites
2617 2195 2745 2259 Ro-

392 2305 617 2348 manos
664 2305 887 2367 operas
934 2307 1160 2349 arenae
1206 2286 1582 2368 promittere
1634 2285 1891 2371 subegit
1936 2285 2121 2349 donis
2168 2284 2564 2369 ingentibus,
2617 2284 2744 2347 nisi

313 2400 367 2438 20
395 2372 567 2455 quod
611 2393 854 2437 merces
901 2373 980 2438 ab
1028 2395 1132 2457 eo,
1181 2374 1292 2457 qui
1338 2374 1556 2438 iubere
1601 2377 1843 2459 potest,
1896 2373 2028 2437 vim
2073 2373 2472 2438 necessitatis
2519 2372 2742 2438 adfert.

290 2460 372 2525 15
568 2459 670 2526 Ne
715 2465 934 2525 tamen
984 2462 1190 2526 adhuc
1244 2462 1503 2545 publico
1551 2463 1804 2527 theatro
1832 2462 2404 2545 dehonestaretur,
2460 2462 2745 2527 instituit

392 2548 580 2612 ludos
625 2547 1024 2613 Iuvenalium
1072 2550 1403 2635 vocabulo,
1449 2552 1518 2615 in
1565 2573 1727 2634 quos
1772 2552 2013 2636 passim
2056 2550 2321 2615 nomina
2365 2551 2530 2615 data.
2611 2571 2744 2614 non

574 2728 655 2778 11.
699 2725 1044 2795 Capitolium.
1102 2724 1317 2779 Frfiher
1351 2724 1555 2780 fuhren
1593 2724 1685 2778 die
1721 2725 2238 2795 triumphierenden
2263 2724 2605 2779 Feldherren
2640 2723 2743 2778 auf

393 2795 493 2849 das
525 2794 776 2865 Kapitol,
812 2814 909 2850 um
944 2796 1073 2849 dort
1111 2796 1220 2850 den
1247 2796 1489 2851 Lorbeer
1533 2796 1595 2850 in
1632 2796 1743 2851 den
1780 2795 1975 2850 Schol's
2015 2796 2113 2850 des
2150 2795 2410 2866 Juppiter
2450 2795 2741 2849 niederzu-

390 2865 571 2936 legen.
611 2870 647 2991 A
686 2873 768 2923 12.
806 2869 947 2922 male
986 2867 1115 2920 ‘nur
1150 2866 1453 2936 schwach’,
1491 2885 1531 2922 s.
1574 2886 1642 2921 zu
1683 2873 1768 2936 11,
1799 2872 1884 2934 19,
1911 2873 1962 2920 4.

572 2937 605 2992 1
651 2973 670 2993 .
730 2944 776 2993 1.
824 2937 1025 3007 cupido
1071 2945 1187 2993 erat
1230 2938 1338 2992 mit
1382 2938 1512 2992 dem
1556 2938 1659 2992 Inf.
1706 2938 1813 2993 wie
1852 2936 2016 3007 Verg.
2054 2937 2193 2993 Aen.
2243 2943 2299 3006 2,
2339 2944 2442 2992 349
2499 2939 2551 2993 si
2594 2938 2744 2992 vobis

392 3009 679 3063 audentem
713 3016 952 3064 eoetrema
987 3011 1188 3078 cupido
1223 3016 1370 3065 certa
1404 3011 1582 3079 sequi,
1629 3009 1835 3063 ebenso
1872 3025 2009 3062 cura
2043 3010 2157 3074 fuit
2193 3025 2319 3063 ann.
2361 3014 2420 3077 2,
2459 3014 2553 3076 55,
2595 3009 2745 3062 ratio

389 3081 504 3146 fuit
538 3078 669 3132 hist.
712 3085 760 3147 3,
792 3085 876 3134 22.
928 3082 936 3148 Ι
988 3086 1036 3134 2.
1078 3081 1351 3135 ludicrum
1385 3081 1450 3133 iu
1485 3081 1705 3135 modum
1744 3079 1921 3133 ‘nach
1961 3077 2467 3147 Schauspielerart,
2507 3078 2613 3132 wie
2650 3078 2744 3131 ein

273 3180 277 3185 -
390 3149 923 3203 Btihnenki‘instler’.
958 3154 965 3215 Ι
1000 3155 1048 3202 3.
1088 3152 1212 3205 anti
1243 3151 1334 3205 uis
1369 3151 1601 3206 ducibus
1639 3152 1735 3204 ctt.
1797 3149 1902 3203 Die
1939 3149 2164 3219 grosseti
2199 3149 2531 3203 nationalen
2557 3148 2743 3202 Wett-

389 3219 619 3288 kampfe
659 3219 758 3272 der
794 3218 1069 3273 Griechen
1107 3219 1194 3273 sin
1269 3220 1545 3289 gemeint,
1593 3220 1684 3274 die
1719 3220 1934 3273 Pindar
1972 3220 2033 3273 in
2069 3218 2264 3274 seinen
2302 3220 2460 3273 Oden
2495 3219 2737 3288 besingt.

389 3290 532 3343 Dort
566 3292 755 3343 traten
793 3290 930 3343 aber
962 3290 1182 3360 Konige
1220 3291 1337 3344 und
1372 3290 1714 3345 Feldherren
1757 3290 1919 3344 nicht
1963 3290 2281 3359 personlich
2327 3289 2450 3357 auf,
2498 3288 2738 3342 sondern

390 3359 593 3414 liessen
628 3359 751 3413 ihre
777 3359 1196 3429 Wagenlenker
1230 3360 1446 3416 fahren.
1481 3364 1489 3431 Ι
1521 3367 1572 3415 4.
1613 3361 1836 3416 deorwm
1870 3363 2083 3429 honori,
2119 3360 2366 3415 namlich
2394 3359 2522 3412 dem
2549 3357 2735 3426 Apoll,

389 3430 685 3499 Poseidon,
722 3430 864 3484 Zeus
900 3430 1018 3484 und
1053 3430 1342 3486 Herakles,
1395 3434 1403 3503 1
1458 3438 1507 3486 6.
1547 3433 1611 3486 in
1642 3465 1707 3472 —
1734 3434 1902 3501 apud.
1969 3432 2270 3486 Dieselben
2304 3427 2735 3499 Prapositionen

389 3501 693 3557 wechseln:
734 3509 793 3570 6,
823 3509 890 3555 22
926 3503 1112 3557 tristia
1147 3503 1211 3558 iu
1247 3504 1437 3570 boma,
1475 3504 1621 3558 laeta
1657 3505 1810 3572 apud
1846 3505 2146 3559 deteriore&
2213 3500 2338 3571 Vgl.
2366 3499 2510 3555 Einl.
2542 3505 2572 3565 ξ
2603 3505 2687 3554 60.
2726 3499 2735 3572 Ι

390 3579 439 3628 8.
486 3591 556 3628 ne
590 3581 822 3644 utraque
848 3574 1187 3643 pervinceret
1234 3573 1438 3628 ‘damit
1484 3590 1544 3627 er
1587 3573 1748 3628 nicht
1783 3574 1977 3628 beides
2018 3573 2414 3641 durchsetzte’‚
2463 3589 2505 3628 s.
2546 3589 2613 3625 zu
2653 3577 2737 3640 12,

390 3651 485 3714 60,
525 3651 590 3698 13
629 3663 768 3714 quae
802 3647 1060 3701 vicerant.
1130 3647 1138 3716 Ι
1207 3651 1254 3699 9.
1303 3643 1411 3700 Die
1449 3646 1615 3700 vallis
1660 3645 1934 3700 Vaticana
1978 3645 2135 3713 (oder
2182 3644 2281 3697 der
2324 3659 2550 3712 campus
2594 3643 2740 3712 Vat.)

387 3716 547 3784 liegt'
574 3716 834 3770 nordlich
878 3733 1010 3771 vom
1053 3716 1088 3770 J
1089 3715 1374 3770 aniculum
1427 3715 1529 3770 auf
1570 3716 1697 3770 dem
1740 3715 1973 3770 rechten
2008 3714 2318 3769 Tiberufer.
2392 3714 2533 3768 Dort
2578 3712 2739 3767 hatte

391 3786 565 3839 sehon
593 3786 852 3855 Caligula
877 3787 1251 3842 Wettrennen
1282 3787 1568 3856 gehalten.
1624 3787 1764 3841 valle
1801 3787 2089 3840 Vaticana.
2147 3772 2301 3838 Uber
2337 3785 2446 3839 den
2473 3784 2601 3838 Abl.
2630 3782 2741 3837 loci

390 3874 432 3911 s.
462 3854 607 3909 Einl.
640 3862 670 3921 ξ
699 3862 781 3911 35.
817 3859 825 3926 Ι
856 3858 1008 3911 haud
1036 3859 1309 3927 promisco
1346 3860 1442 3912 ctt.
1483 3858 1536 3911 d.
1567 3857 1620 3910 h.
1653 3857 1753 3911 das
1783 3856 1932 3911 Volk
1967 3855 2123 3909 ward
2158 3855 2319 3909 nicht
2356 3855 2699 3925 zugelassen.
2727 3853 2735 3925 Ι

391 3932 474 3981 12.
505 3927 755 3997 evulyare
786 3927 1285 3996 ‘gemeinmachem
1311 3927 1662 3997 preisgeben‚
1682 3927 1918 3996 opfern'.
1966 3926 2092 3996 Vgl.
2118 3933 2201 3995 11,
2223 3932 2310 3994 26,
2334 3932 2416 3980 14.
2452 3929 2460 3996 Ι
2496 3931 2578 3981 14.
2608 3925 2739 3979 mol-

390 3999 488 4052 liri
522 3996 602 4051 im
638 3996 810 4051 Sinne
847 3996 1000 4051 eines
1038 3998 1356 4067 Futurums,
1395 4016 1436 4053 s.
1467 4017 1536 4051 zu
1575 4005 1625 4067 2,
1655 4003 1739 4068 34,
1770 4004 1818 4052 2.
1871 4006 1880 4066 Ι
1921 3999 2113 4066 plures
2140 4023 2209 4043 -—-
2237 3998 2537 4066 complures
2571 3997 2738 4066 (trotz

387 4068 623 4139 Knoke).
684 4070 693 4139 Ι
755 4074 836 4122 16.
876 4069 957 4121 Zu
991 4086 1059 4123 ue
1094 4070 1242 4122 nach
1276 4070 1581 4124 maioribus
1614 4070 1963 4124 tribuendum
1992 4074 2130 4137 puto
2176 4067 2285 4137 vgl.
2327 4072 2386 4135 3,
2425 4073 2491 4121 23
2532 4066 2741 4121 Scauro

388 4142 608 4206 datum,
643 4157 712 4194 ue
750 4141 892 4194 bona
920 4140 1352 4208 publicarentur.
1414 4142 1423 4210 Ι
1483 4145 1566 4193 17.
1604 4157 1751 4193 nam.
1808 4139 2086 4208 Erganze:
2125 4138 2280 4193 diese
2316 4137 2630 4191 Riicksicht
2664 4136 2743 4190 ist

389 4210 628 4264 erlaubt.
675 4216 684 4278 Ι
727 4216 809 4264 19.
848 4211 963 4265 uisi
996 4210 1142 4279 quod
1180 4211 1307 4262 ‘nur
1344 4209 1485 4279 dass,
1525 4210 1661 4263 aber
1697 4209 1959 4278 freilich’,
1997 4207 2390 4277 nachtraglich
2428 4208 2521 4262 ein
2558 4205 2740 4262 Urteil

389 4280 749 4349 limitierend,
789 4280 908 4334 also
946 4282 1092 4334 etwa
1129 4298 1197 4333 zu
1234 4279 1517 4334 erklaren:
1555 4296 1719 4333 wenn
1756 4295 1815 4333 es
1851 4279 2010 4333 nicht
2039 4297 2107 4332 zu
2133 4278 2292 4332 ln’ihn
2323 4278 2403 4332 ist
2437 4295 2549 4333 von
2587 4277 2741 4331 einer

389 4348 812 4420 Veranlassung
851 4351 1026 4404 durch
1063 4349 1390 4404 Geschenke
1428 4367 1495 4403 zu
1530 4350 1719 4418 reden,
1756 4350 1885 4404 weil
1922 4369 1975 4403 u.
2008 4367 2049 4404 s.
2080 4367 2165 4417 w.,
2204 4367 2245 4403 s,
2290 4355 2372 4418 12,
2405 4354 2488 4418 16,
2521 4354 2568 4404 7.

569 4419 666 4475 15.
724 4427 772 4474 2.
811 4421 917 4475 Die
954 4422 1249 4476 vaeualia
1283 4421 1548 4475 kommen
1584 4437 1690 4474 nur
1725 4423 1890 4474 unter
1925 4420 2075 4473 Nero
2112 4436 2223 4474 vor.
2285 4422 2294 4488 Ι
2353 4420 2641 4487 vocabulo,
2693 4436 2736 4472 s.
