3075 4800
480 195 567 264 98
832 193 1181 250 CORNELII
1215 192 1457 247 ΤΑΟΙΤΙ
1493 191 1591 246 ΑΒ
1628 190 1949 247 EXCESSU
1984 191 2141 247 DIVI
2174 190 2493 247 AUGUSTI

430 383 456 423 s
483 356 799 422 virtutum
854 355 936 419 ad
981 377 1305 420 summum
1353 353 1692 440 fastigium
1748 353 2010 420 delect0.
2104 353 2262 436 quin
2306 356 2372 416 et
2415 352 2625 417 verba
2689 352 2929 418 Flavi

484 443 935 530 vulgabantur,
977 465 1112 508 non
1155 444 1393 509 referre
1439 442 1796 525 dedecoris,
1842 442 1898 506 si
1944 441 2351 506 citharoedus
2398 441 2930 507 demoveretur

483 537 551 597 et
593 531 969 618 tragoedus
986 532 1369 618 succederet,
1415 531 1570 616 quia
1612 535 1689 597 ut
1723 528 1900 596 Nero
1947 530 2212 614 cithara,
2259 530 2353 595 ita
2390 529 2552 594 Piso
2601 533 2920 616 tragico

484 624 717 686 ornatu
763 621 1046 685 canebat.

376 709 464 773 66
665 707 961 774 Ceterum
1026 708 1329 773 militaris
1395 729 1652 792 quoque
1717 707 2110 792 conspiratio
2171 728 2306 771 non
2357 707 2530 771 ultra
2597 707 2912 792 fefellit,

484 797 769 863 accensis
818 798 1141 863 indicibus
1187 797 1269 861 ad
1312 796 1714 880 prodendum
1759 795 2070 860 Faenium
2117 795 2388 880 Rufum,
2444 817 2644 879 quem
2721 818 2908 860 eun-

485 886 630 951 dem
687 887 1014 952 conscium
1071 890 1136 951 et
1190 885 1643 969 inquisitorem
1704 905 1838 950 non
1891 884 2270 949 tolerabant.
2363 905 2526 985 ergo·
2577 884 2902 949 instanti

485 975 942 1060 minitantique
979 974 1275 1039 renidens
1314 971 1663 1037 Scaevinus
1708 972 2030 1038 neminem
2070 973 2162 1037 ait
2205 973 2394 1056 plura
2439 972 2609 1037 scire
2659 995 2899 1057 quam

431 1090 456 1129 5
485 1063 727 1149 ipsum,
781 1063 1206 1145 hortaturque
1260 1062 1461 1146 ultrO,
1517 1062 1812 1127 redderet
1866 1064 2002 1125 tam
2056 1062 2228 1125 bono
2282 1060 2564 1145 principi
2627 1062 2893 1127 vicem.

484 1173 617 1216 non
669 1173 798 1216 vox
853 1151 1190 1215 adversm
1245 1172 1321 1214 ea
1371 1149 1641 1235 Faeni0,
1702 1171 1838 1214 non
1892 1148 2250 1235 silentium,
2314 1149 2425 1214 sed
2476 1149 2687 1214 verba
2760 1172 2892 1214 sua

484 1240 901 1342 praepediens
957 1243 1023 1304 et
1067 1239 1328 1322 pavoris
1374 1238 1782 1324 manifestus,
1839 1239 2192 1322 ceterisque
2248 1241 2314 1302 et
2368 1237 2654 1302 maxime
2712 1236 2888 1303 Cer-

485 1329 663 1393 vario
718 1327 996 1392 Proculo
1054 1327 1271 1411 equite
1325 1326 1621 1392 Romano
1686 1326 1767 1390 ad
1822 1326 2327 1392 convincendum
2384 1348 2529 1390 eum
2586 1327 2885 1410 conisis,

486 1416 666 1481 iussu
730 1416 1139 1500 imperatoris
1204 1437 1242 1478 a
1308 1413 1528 1480 Cassio
1594 1414 1828 1499 milite,
1903 1415 2017 1498 qui
2081 1416 2164 1479 ob
2230 1415 2482 1500 insigne
2556 1416 2880 1498 corporis

408 1530 460 1568 10
487 1505 687 1569 robur
731 1504 1046 1588 adstabat,
1094 1503 1442 1587 corripitur
1485 1504 1908 1588 vinciturque.

379 1592 463 1656 67
664 1591 820 1655 Mox
875 1591 1222 1656 eorundem
1277 1590 1514 1656 indicio
1566 1591 1837 1657 Subrius
1889 1590 2128 1656 Flavus
2183 1590 2482 1655 tribunus
2540 1592 2872 1675 perverti-

486 1682 619 1762 tur,
682 1679 896 1762 primo
962 1678 1554 1743 dissimilitudinem
1608 1701 1864 1744 morum
1928 1679 2010 1743 ad
2063 1678 2499 1743 defensionem
2564 1678 2868 1763 trahem,

484 1787 693 1851 neque
740 1789 807 1834 se
854 1770 1173 1831 armatum
1220 1789 1366 1832 cum
1413 1767 1769 1833 inermibus
1825 1772 1890 1834 et
1945 1767 2329 1833 effeminatis
2384 1770 2643 1833 tantum
2701 1767 2863 1832 faci-

486 1877 609 1920 nus
648 1855 1195 1942 consociaturum3
1243 1855 1409 1941 dein,
1452 1860 1800 1941 postquam
1838 1857 2205 1943 urgebatur,
2252 1855 2677 1920 confessionis
2713 1854 2860 1941 glo-

432 1970 458 2011 5
486 1944 651 2009 riam
697 1945 1047 2029 amplexus
1140 1945 1704 2031 interrogatusque
1760 1967 1798 2009 a
1850 1942 2135 2029 Nerone,
2200 1944 2434 2028 quibus
2484 1943 2705 2009 causis
2771 1943 2856 2007 ad

490 2033 883 2099 oblivionem
941 2034 1322 2101 sacramenti
1378 2034 1822 2118 processisset,
1889 2033 1907 2063 ‘
1923 2034 2182 2097 oderam
2237 2032 2332 2097 te'
2390 2033 2628 2133 inquit:
2699 2031 2852 2097 ‘nec

489 2123 829 2207 quisquam
867 2123 990 2188 tibi
1027 2122 1280 2187 fidelior
1316 2123 1600 2186 militum
1636 2122 1781 2207 fuit,
1818 2121 1972 2185 dum
2010 2121 2211 2186 amari
2246 2120 2559 2185 meruisti.
2636 2119 2849 2185 odisse

487 2212 695 2295 coepi,
751 2216 1095 2295 postquam
1154 2210 1473 2295 parricida
1516 2211 1745 2275 matris
1801 2214 1867 2274 et
1911 2209 2161 2295 uxoris,
2221 2210 2445 2294 auriga
2500 2213 2565 2273 et
2612 2208 2846 2273 histrio

487 2401 761 2454 Mannern
798 2417 995 2470 wegen
1024 2402 1122 2455 des
1152 2400 1392 2456 Glanzes
1433 2402 1615 2456 seiner
1643 2402 1952 2471 Tugenden
1988 2419 2087 2454 zur
2112 2401 2387 2455 hbchsten
2416 2400 2677 2470 Stellung
2703 2401 2842 2455 Aus-

489 2469 836 2525 erkorenen'.
910 2473 1230 2526 Insontibus
1254 2474 1365 2553 (=
1407 2473 1477 2527 ab
1523 2473 1866 2552 insontibus).
1941 2470 2117 2525 Nicht
2163 2471 2263 2525 das
2310 2470 2429 2524 will
2474 2471 2603 2527 Tac.
2654 2486 2839 2542 sagen,

489 2540 614 2594 dass
663 2539 781 2594 sich
830 2540 921 2595 die
970 2540 1206 2595 Wahler
1249 2541 1329 2594 im
1373 2541 1565 2595 Leben
1615 2541 1722 2596 stei
1767 2558 1877 2596 von
1926 2541 2135 2596 Schuld
2181 2542 2299 2596 und
2344 2541 2516 2596 Fehle
2560 2541 2839 2611 g,ehaltcn

489 2613 727 2666 sondern
777 2627 835 2665 es
881 2611 1094 2666 konnte
1142 2628 1202 2666 so
1249 2611 1515 2666 scheinen
1575 2612 1692 2665 und
1739 2611 1904 2666 sollte
1953 2629 2012 2667 es
2064 2612 2354 2667 vielleicht
2404 2559 2600 2681 auch,g
2632 2612 2714 2666 als
2768 2586 2839 2692 oli

488 2683 885 2765 Tugendhafte
924 2683 1052 2737 dem
1088 2682 1615 2753 Tugendhaftesten
1663 2683 1771 2738 den
1809 2685 1996 2738 ersten
2032 2683 2188 2736 Preis
2227 2683 2573 2765 zusprachen
2618 2683 2735 2736 sich
2779 2682 2835 2736 ιιι

489 2754 702 2809 seinem
738 2753 950 2809 Glanze
989 2755 1258 2810 sonnend.
1319 2756 1327 2825 Ι
1388 2760 1434 2809 6.
1474 2771 1591 2810 non
1627 2755 1826 2824 referre
1862 2755 2135 2809 dedecoris
2174 2753 2297 2807 ‘fiir
2335 2753 2426 2807 die
2464 2753 2719 2808 Schande
2761 2753 2839 2807 sei

489 2842 547 2879 es
593 2842 737 2896 ganz
776 2825 988 2907 gleich,
1040 2825 1131 2880 die
1170 2825 1428 2880 Schande
1473 2825 1666 2880 bleibe
1712 2824 1986 2893 dieselbe,
2033 2841 2198 2878 wenn
2234 2843 2287 2879 ιι.
2320 2842 2361 2879 s
2391 2841 2457 2878 ιι.
2465 2824 2482 2850 ’
2558 2823 2670 2877 Der
2703 2822 2832 2879 Gen.

491 2897 590 2950 der
628 2897 665 2951 S
679 2898 802 2951 ach
815 2913 845 2951 e
881 2896 976 2951 bei
1012 2898 1212 2963 referre
1246 2895 1354 2950 wie
1393 2895 1582 2961 Quint
1622 2901 1674 2966 9,
1701 2901 1753 2964 4,
1782 2902 1853 2949 44
1882 2896 2211 2977 plurimum·
2224 2896 2389 2962 refert
2424 2895 2834 2964 compositionis,

490 2985 628 3037 quae
673 2970 869 3038 quibus
904 2974 1231 3038 anteponas,
1276 2966 1420 3022 Plin.
1460 2984 1546 3037 ep.
1586 2973 1645 3035 8,
1684 2973 1780 3035 22,
1817 2973 1852 3020 4
1896 2982 2052 3036 quem
2097 2966 2368 3036 insiynire
2412 2966 2642 3033 emempli
2681 2967 2833 3032 mm,

488 3055 602 3094 non
637 3039 905 3110 insiynire
940 3039 1303 3093 humanitatis
1332 3039 1640 3107 plurimum
1674 3037 1862 3105 refert,
1900 3051 2101 3106 paneg.
2141 3041 2211 3088 40
2246 3051 2329 3090 ex.
2368 3042 2430 3091 tu
2463 3036 2611 3090 nihil
2642 3036 2832 3103 referre

488 3109 803 3234 ἐιῒῖἶῖἷῗέῗδ
835 3110 1144 3231 ῧῖῗΐέᾞ
1160 3125 1381 3230 012⁹?ssss
1391 3109 1558 3232 ..22⁰3
1588 3107 2306 3247 ἔείῗίιξῗιὲἒοίἵὲῗιὲ,
2330 3123 2413 3230 ἒῖἑ
2443 3107 2831 3246 {xima}

491 3247 623 3300 Sall.
662 3248 787 3317 Jug.
830 3252 957 3313 111,
999 3253 1025 3299 1
1070 3246 1316 3313 (illorum
1359 3248 1536 3317 mayis
1582 3263 1746 3315 quam
1790 3250 1947 3314 sua),
2003 3245 2190 3311 Quint.
2234 3221 2328 3316 12,
2367 3253 2426 3317 8,
2467 3254 2499 3301 2
2548 3250 2825 3317 (qnorum),

489 3317 611 3371 Juv.
654 3322 737 3385 16,
768 3321 836 3369 58
877 3316 1078 3384 (ipsius
1113 3316 1312 3382 ducis).

669 3360 769 3460 66.
828 3408 874 3458 1.
911 3403 1110 3472 fefellit
1150 3401 1326 3457 ‘blieb
1366 3402 1630 3475 gebeim’,
1670 3403 1896 3457 absolut
1930 3403 2037 3459 wie
2073 3405 2205 3460 hist.
2242 3412 2292 3474 2,
2322 3411 2416 3474 98;
2456 3411 2506 3475 3,
2533 3412 2629 3472 41,
2665 3411 2709 3472 5,
2734 3410 2819 3472 22,

489 3475 621 3531 Ηοι.
661 3491 746 3546 ep.
788 3481 845 3544 1,
886 3479 983 3543 16,
1013 3479 1097 3531 54.
1130 3479 1213 3529 61.
1276 3475 1283 3545 Ι
1342 3481 1394 3529 4.
1430 3475 1686 3530 renidens
1725 3473 2177 3545 ‘hohnlachend‚
2213 3449 2506 3531 ιιὸιιιιιεοιι
2527 3474 2818 3546 grinsend',

492 3565 534 3603 S.
573 3553 626 3616 4,
655 3553 740 3617 60,
771 3552 802 3601 8
841 3564 911 3600 zu
944 3547 1152 3614 falsum
1186 3546 1458 3602 renidens.
1515 3549 1523 3616 Ι
1584 3551 1634 3600 5.
1672 3546 1818 3601 ultro
1858 3546 2240 3603 ‘seinerseits’.
2301 3551 2310 3615 Ι
2368 3554 2482 3603 tam
2520 3549 2651 3602 bono
2676 3547 2818 3617 χοι-ἰη-

490 3620 607 3688 cipi
645 3620 796 3673 ‘dem
825 3635 886 3672 so
916 3616 1158 3699 gutigen
1179 3616 1582 3688 (gutmfitigen)
1611 3616 1891 3686 Ειιιειῑθιιζ
1932 3617 2030 3671 der
2064 3617 2182 3687 ihn,
2219 3593 2329 3671 den
2356 3617 2817 3685 Verschworenen,

491 3706 618 3743 zum
645 3689 877 3743 Richter
912 3689 1053 3742 iiber
1082 3687 1235 3744 seine
1263 3688 1550 3743 Genossen
1580 3690 1745 3744 setze.
1797 3688 1806 3758 1
1857 3694 1905 3768 6.
1943 3691 2106 3743 verba
2132 3704 2237 3743 sua
2260 3705 2454 3758 praep.
2489 3687 2812 3756 ‘'3stotternd

482 3761 808 3829 praepedire
836 3762 992 3814 sonst
1016 3758 1123 3813 mit
1149 3759 1493 3813 sachlichem
1522 3757 1658 3828 Subj
1666 3758 1797 3812 ekte
1831 3757 1939 3812 wie
1966 3758 2097 3814 hist.
2128 3764 2178 3828 3,
2200 3763 2266 3813 68
2295 3761 2426 3827 fletu
2447 3760 2811 3828 praepediente.

670 3844 770 3900 67.
826 3852 874 3926 2.
922 3847 1141 3901 trahens
1180 3846 1649 3917 ‘heranziehend,
1690 3846 2057 3902 anffihrend’.
2118 3847 2126 3917 Ι
2184 3852 2234 3902 4.
2282 3849 2589 3902 consociare
2622 3848 2812 3914 facinus

495 3915 641 3970 ‘sich
686 3933 755 3968 zu
801 3915 956 3969 einer
999 3916 1150 3971 That
1192 3917 1525 3971 verbinden’
1576 3918 1725 3971 nach
1768 3917 2046 3987 Analogie
2090 3933 2200 3972 von
2243 3919 2550 3973 consociare
2594 3918 2810 3985 consilia,

492 4004 737 4058 reynum,
772 3986 1063 4054 imperinm
1098 4004 1219 4041 cum
1256 3989 1457 4058 aliquo.
1481 4020 1548 4029 -
1570 3989 2006 4043 consociaturum
2035 4004 2106 4041 sc.
2136 3989 2325 4055 fnisse,
2362 4005 2403 4041 s.
2435 4006 2503 4042 zu
2532 3994 2582 4055 2,
2613 3993 2670 4041 31
2689 3989 2807 4067 peti-

493 4066 680 4114 mum
714 4073 769 4113 se
804 4058 992 4123 vitam,
1026 4058 1141 4111 nisi
1174 4058 1550 4113 voluntariam
1584 4065 1805 4114 mortem
1833 4059 2248 4127 properavi-sset.
2302 4064 2310 4124 Ι
2364 4064 2409 4112 7.
2448 4058 2561 4112 Der
2596 4056 2807 4111 Infinitiv

491 4129 587 4183 bei
623 4145 836 4195 merere,
873 4097 1018 4180 auo’h
1056 4126 1119 4182 G.
1151 4131 1219 4180 28
1257 4129 1373 4181 und
1411 4145 1537 4182 ann.
1581 4134 1663 4198 14,
1698 4134 1786 4198 48,
1823 4129 1971 4183 nach
2009 4130 2138 4182 dem
2171 4128 2441 4198 Vorgang
2476 4129 2576 4182 der
2609 4127 2808 4182 Dichter

484 4218 538 4253 -z.
568 4199 631 4252 Β.
671 4198 767 4254 Ov.
805 4200 937 4251 met.
975 4204 1036 4265 4,
1067 4203 1169 4250 319
1207 4199 1404 4252 meruit
1436 4200 1680 4266 formosa
1714 4200 1905 4254 videri.
1981 4198 2090 4253 Cic.
2132 4201 2275 4252 setzt
2308 4205 2373 4253 ut
2408 4217 2452 4252 z.
2481 4198 2545 4253 B.
2585 4198 2651 4251 de
2681 4215 2743 4252 or.
2777 4204 2800 4251 1

493 4275 543 4388 §K
553 4274 683 4336 232
719 4267 826 4321 wie
866 4267 1009 4320 auch
1046 4267 1176 4321 Tac.
1218 4283 1342 4320 ann.
1384 4273 1441 4336 2,
1481 4272 1566 4321 37.
1626 4270 1635 4335 Ι
1696 4275 1744 4323 8.
1784 4269 2080 4338 parricida
2122 4269 2317 4323 matris
2363 4275 2416 4324 et
2456 4269 2670 4336 uxoris,
2706 4267 2798 4335 vgl.

480 4384 485 4387 .
543 4355 597 4404 p.
628 4341 712 4405 62,
743 4341 826 4393 10.
