3075 4800
443 238 572 301 110
800 236 1142 292 CORNELII
1177 236 1418 291 TACITI
1452 237 1551 290 AB
1587 235 1909 291 EXCESSU
1942 236 2071 290 D1·V
2073 236 2098 289 Ι
2133 235 2451 291 AUGUSTI

437 403 569 464 tur:
646 399 723 462 de
786 399 1029 483 Lepida
1095 398 1328 463 Caesar
1400 401 1727 463 statueret.
1819 397 2319 482 deportatusque
2384 400 2453 463 in
2516 398 2818 463 insulam

440 485 803 553 Sardiniam
868 486 1125 552 Cassius
1138 537 1155 570 ,
1230 490 1296 549 et
1358 490 1651 551 senectus
1715 486 1853 550 eius
1917 487 2425 569 exspectabatur.
2517 486 2816 571 SilanuS,

437 579 768 661 tamquam
813 574 1075 641 Naxum
1122 574 1566 658 deveheretur,
1614 572 1864 638 Ostiam
1910 578 2191 660 amotus3
2244 579 2396 658 post
2435 575 2812 659 municipio

383 690 408 731 5
435 662 731 748 Apuliae,
780 664 883 727 cui
927 684 1162 726 nomen
1206 662 1472 727 Barium
1519 665 1635 746 est,
1682 661 2017 726 clauditur.
2090 663 2227 727 illic
2270 663 2809 750 indignissimum

438 773 656 817 casum
716 751 1038 835 sapienter
1088 751 1374 815 tolerans
1433 772 1472 814 a
1525 750 1900 815 centurione
1955 751 2035 814 ad
2089 751 2348 816 caedem
2400 753 2601 817 misso
2660 773 2814 816 cor-

432 841 696 925 ripitur3
761 838 1182 922 suadentique
1239 860 1432 903 venas
1493 839 1875 922 abrumpere
1931 839 2216 903 animum
2278 839 2538 922 quidem
2594 841 2807 905 morti

437 929 829 993 destinatum
876 929 985 1011 ait,
1008 928 1142 1001 ‚sed
1182 949 1313 991 non
1350 927 1677 991 remittere
1713 928 2078 1011 percussori
2115 928 2390 1012 gloriam
2427 928 2804 994 ministerii.
2871 960 2879 969 ·

435 1020 503 1080 at
539 1016 830 1081 centurio
878 1016 1172 1099 quamvis
1209 1016 1537 1101 inermem,
1581 1016 2021 1100 praevalidum
2064 1020 2281 1080 tamen
2319 1019 2384 1081 et
2418 1016 2551 1081 irae
2598 1018 2801 1102 quain

355 1133 406 1172 ιο
433 1105 658 1169 timori
700 1105 1071 1189 propiorem
1117 1125 1381 1169 cernens
1425 1103 1634 1187 premi
1682 1126 1720 1168 a
1762 1103 2082 1169 militibus
2129 1104 2324 1168 iubet.
2407 1126 2525 1170 nec
2569 1106 2806 1170 omisit

435 1192 693 1258 Silanus
769 1193 976 1257 obniti
1052 1196 1117 1257 et
1188 1192 1519 1257 intendere
1592 1193 1758 1257 ictus
1772 1243 1790 1277 ,
1864 1197 2176 1277 quantum
2239 1193 2537 1257 manibus
2599 1194 2802 1258 nudis

432 1282 716 1366 valebat,
780 1281 981 1345 donec
1035 1302 1074 1344 a
1131 1282 1504 1346 centurione
1559 1281 1934 1345 vulneribus
1990 1280 2272 1346 adversis
2335 1285 2666 1365 tamquam
2725 1283 2801 1345 in

328 1461 413 1525 10
430 1370 1070 1523 PuQssfflelginus
1123 1461 1424 1542 prompte
1477 1457 1548 1521 L.
1586 1457 1793 1521 Vetus
1848 1478 2197 1541 socrusque
2252 1458 2390 1521 eius
2448 1455 2670 1523 Sextia
2727 1462 2801 1522 et

432 1546 704 1611 Pollitta
747 1547 884 1611 filia
935 1567 1158 1611 necem
1204 1545 1483 1631 subiere,
1538 1545 1731 1610 invisi
1775 1545 2081 1630 principi,
2134 1549 2467 1631 tamquam
2513 1545 2795 1611 vivendo

433 1636 895 1719 exprobrarent
958 1634 1370 1699 interfectum
1436 1656 1573 1698 esse
1637 1633 2010 1698 Rubellium
2074 1633 2405 1718 Plautum,
2481 1655 2796 1718 generum

429 1724 500 1788 L.
547 1723 822 1789 Veteris.
913 1723 1026 1787 sed
1087 1723 1347 1787 initium
1413 1722 1803 1806 detegendae
1868 1723 2171 1786 saevitiae
2233 1723 2531 1806 praebuit
2593 1723 2796 1788 inter-

378 1841 404 1881 5
432 1813 636 1877 versis
690 1811 949 1896 patroni
1005 1811 1196 1875 rebus
1252 1810 1333 1874 ad
1387 1811 1814 1875 accusandum
1866 1810 2345 1896 transgrediens
2390 1810 2794 1876 Fortunatus

430 1900 729 1986 libertus,
784 1896 1029 1965 adscito
1086 1898 1352 1963 Claudio
1408 1898 1753 1984 Demiano,
1810 1921 2001 1983 quem
2058 1899 2140 1964 ob
2195 1899 2446 1985 flagitia
2499 1900 2793 1965 vinctum

438 2011 476 2053 a
520 1989 756 2053 Vetere
801 1986 997 2054 Asiae
1049 2009 1170 2072 pro
1228 1987 1490 2052 consule
1546 1987 1822 2052 exsolvit
1864 1986 2042 2053 Nero
2093 1988 2162 2051 in
2205 1989 2564 2072 praemium
2610 2009 2796 2053 accu-

436 2077 723 2142 sationis,
803 2077 977 2161 quod
1022 2077 1135 2141 ubi
1182 2077 1515 2163 cognitum
1562 2098 1692 2161 re0,
1738 2097 1932 2160 seque
1980 2079 2045 2139 et
2079 2076 2385 2140 libertum
2432 2077 2574 2160 pari
2616 2081 2793 2141 sorte

432 2165 765 2250 componi,
834 2164 1216 2230 Formianos
1284 2166 1352 2228 in
1416 2187 1608 2251 agros
1673 2163 2045 2249 digreditur.
2137 2163 2274 2229 illic
2338 2186 2484 2229 eum
2547 2164 2792 2230 milites

353 2284 405 2322 10
435 2254 689 2319 occulta
735 2253 1030 2320 custodia
1074 2254 1490 2319 circumdant.
1576 2253 1794 2318 aderat
1838 2252 1991 2338 filia,
2038 2274 2229 2336 super
2273 2254 2580 2338 ingruens
2624 2254 2794 2338 peri-

432 2343 651 2408 culum
704 2342 904 2428 longo
962 2342 1181 2408 dolore
1237 2345 1450 2427 atrox,
1516 2363 1595 2407 ex
1652 2364 1780 2426 quo
1835 2362 2244 2427 percussores
2298 2340 2517 2407 Plauti
2570 2343 2790 2408 mariti

432 2432 532 2497 sui
577 2432 852 2516 viderat3
907 2436 1363 2516 cruentamque
1410 2431 1721 2495 cervicem
1769 2431 1907 2496 eius
1954 2431 2251 2515 amplexa
2306 2432 2602 2497 servabat
2649 2453 2792 2496 san-

431 2521 692 2607 guinem
740 2523 804 2584 et
848 2523 1058 2584 vestes
1104 2541 1454 2605 respersas,
1504 2520 1702 2584 vidua
1754 2519 2013 2603 inplexa
2067 2519 2248 2584 luctu
2303 2520 2611 2584 continuo
2668 2541 2789 2586 nec

430 2608 582 2673 ullis
628 2608 953 2673 alimentis
997 2608 1125 2673 nisi
1172 2629 1334 2693 quae
1370 2610 1647 2672 mortem
1690 2611 1994 2672 arcerent.
2068 2612 2209 2672 tum
2253 2608 2556 2673 hortante
2600 2612 2786 2693 pata-e

609 2770 656 2818 3.
696 2764 1034 2820 Sardiniam.
1095 2764 1220 2819 Von
1257 2764 1385 2818 dort
1420 2764 1621 2818 kehrte
1660 2780 1722 2818 er
1758 2764 1932 2817 sehon
1968 2765 2134 2818 unter
2161 2763 2479 2833 Vespasian
2514 2764 2740 2818 zurfick.
2776 2764 2784 2836 Ι

428 2842 671 2891 senectus
705 2837 1118 2905 eoespeetabatwr
1156 2836 1311 2889 ‘man
1345 2834 1609 2889 rechnete
1647 2834 1751 2888 auf
1783 2834 1905 2889 sein
1938 2833 2113 2888 hohes
2142 2834 2302 2889 Alter
2338 2835 2455 2888 und
2492 2837 2788 2889 erwartete

430 2906 551 2961 sein
586 2906 788 2973 Ende’,
836 2906 1084 2961 dieselbe
1121 2906 1416 2976 Pragnanz
1455 2905 1556 2960 des
1593 2904 1919 2959 Ausdrucks
1954 2903 2063 2959 wie
2104 2911 2197 2975 11,
2237 2910 2305 2959 26
2344 2906 2543 2975 quippe
2576 2922 2693 2961 non
2727 2920 2789 2960 eo

427 2978 1688 3118 {Zissmessffrssssfffflmtfifffffflssffmm
1507 2993 1548 3032 θ’
1568 2974 2550 3116 Ὕνὲρωξῖἔῖῗῗέῃῦξῗέἶέἔέ
2575 2992 2777 3101 ἓὲῗῗ

430 3117 521 3172 bis
560 3135 620 3172 er
655 3117 734 3171 im
769 3118 956 3172 hohen
991 3117 1152 3172 Alter
1188 3119 1409 3188 starb’.)
1468 3120 1477 3186 Ι
1538 3123 1586 3173 5.
1636 3117 1869 3171 Barium
1904 3116 2048 3187 liegt
2084 3134 2158 3172 an
2195 3119 2295 3171 der
2329 3117 2534 3186 miste,
2582 3092 2787 3173 estlicfi

428 3206 539 3243 von
576 3188 892 3243 Canusium.
953 3190 961 3257 Ι
1022 3194 1070 3243 7.
1116 3189 1344 3245 suadere
1387 3188 1495 3241 mit
1539 3188 1670 3241 dem
1704 3187 1976 3257 Infinitiv‚
2025 3206 2067 3243 s.
2106 3207 2174 3242 zu
2214 3193 2271 3257 3,
2309 3194 2405 3258 53,
2438 3195 2484 3242 7.
2546 3190 2555 3257 Ι
2614 3194 2665 3243 8.
2702 3205 2786 3244 re·

429 3260 636 3314 mittere
673 3260 768 3312 ctt.
804 3258 884 3313 ist
917 3258 1124 3313 bittere
1158 3257 1358 3313 Ironie.
1419 3261 1427 3329 Ι
1488 3263 1537 3312 9.
1586 3260 1704 3313 irae
1750 3276 1913 3328 quam
1960 3259 2145 3314 timori
2182 3261 2495 3328 propiorem
2541 3276 2787 3326 eernere-3,

432 3347 473 3383 ε.
516 3334 600 3397 15,
630 3333 715 3397 20,
747 3334 830 3383 12.
882 3330 890 3401 Ι
951 3335 1032 3383 10.
1064 3346 1305 3410 premere
1345 3328 1676 3383 ‘festhalten
1712 3330 1829 3383 und
1864 3328 2355 3386 niederdrficken'.
2408 3333 2416 3399 Ι
2475 3334 2558 3383 11.
2595 3330 2784 3384 nudas

432 3398 856 3483 ffQbewaffiet'
894 3398 1001 3453 wie
1032 3399 1148 3454 Liv.
1179 3405 1265 3469 28,
1295 3405 1347 3469 3,
1377 3405 1441 3453 11
1481 3400 1705 3455 demas
1739 3401 1922 3454 nudas
1958 3406 2297 3469 ostentantes,
2333 3407 2399 3455 ut
2431 3400 2648 3471 yladios
2684 3403 2782 3455 ab·

429 3476 1002 3596 zemsselgppizretrjegbr
1035 3541 1095 3596 L.
1125 3539 1408 3594 Antistius
1437 3540 1634 3609 Vetus,
1674 3541 1774 3622 der
1808 3540 1887 3594 im
1921 3542 1971 3622 J,
2000 3547 2069 3596 55
2106 3541 2214 3595 mit
2248 3541 2399 3595 Nero
2436 3540 2652 3623 Konsul
2688 3556 2784 3612 ge-

427 3628 615 3667 wesen
648 3628 790 3680 war,
837 3629 879 3666 s.
917 3630 987 3665 zu
1027 3617 1117 3680 13,
1159 3616 1240 3665 11.
1301 3613 1310 3682 Ι
1375 3616 1424 3665 3.
1460 3611 1759 3665 Rubellius
1795 3628 1913 3666 war
1947 3630 2027 3665 im
2062 3612 2111 3668 J.
2152 3618 2218 3667 62
2258 3612 2436 3666 durch
2472 3628 2638 3667 emen
2672 3628 2781 3666 von

426 3683 578 3737 Nero
616 3682 953 3737 entsandten
991 3680 1253 3737 Centurio
1289 3684 1524 3752 getotet.
1587 3687 1681 3750 14,
1720 3687 1803 3736 59.
1863 3687 1873 3752 1
1935 3689 1981 3737 7.
2021 3700 2128 3751 pro
2173 3684 2406 3740 consule.
2480 3682 2615 3737 Dies
2666 3698 2783 3736 war

427 3769 489 3807 er
525 3753 989 3808 wahrscheinlich
1023 3752 1104 3806 im
1139 3751 1371 3822 vorigen
1405 3752 1576 3807 Jahre
1614 3754 1725 3822 (64)
1761 3769 2033 3821 gewesen.
2095 3755 2103 3824 Ι
2163 3759 2213 3809 8.
2269 3755 2416 3824 quod
2468 3752 2633 3808 weist
2685 3752 2789 3806 auf

428 3823 538 3877 den
566 3823 695 3877 Ace.
725 3840 771 3878 c.
800 3824 904 3878 Inf.
941 3822 1060 3891 hin,
1098 3840 1198 3877 aus
1230 3822 1383 3878 Caes.
1413 3823 1682 3878 bekannt.
1735 3825 1744 3895 1
1794 3811 1947 3878 Uber
1981 3841 2137 3893 seque
2173 3832 2223 3879 et
2259 3843 2301 3879 s.
2330 3824 2475 3880 Einl.
2507 3831 2537 3892 ξ
2566 3830 2651 3893 65,
2680 3823 2734 3877 b.
2769 3823 2777 3896 1

419 3894 558 3962 pari
601 3900 739 3948 sorte
784 3896 1032 3963 componi
1081 3894 1099 3921 ‘
1112 3893 1216 3947 auf
1255 3892 1534 3962 gleichem
1571 3893 1739 3947 Fusse
1786 3894 2342 3964 gegem’ibergestellt
2378 3896 2565 3949 werde
2579 3896 2615 3963 ’,
2664 3910 2779 3948 was

428 3962 727 4032 unwfirdig
762 3979 892 4017 war.
965 3963 1046 4017 Zu
1092 3965 1341 4033 componi
1386 3964 1497 4034 vgl.
1542 3968 1633 4033 15,
1673 3970 1740 4017 51
1780 3966 1957 4020 accita
1990 3966 2295 4034 Epicharis
2338 3972 2388 4019 et
2432 3982 2555 4020 cum
2598 3966 2781 4021 indice

429 4035 740 4103 composita.
795 4037 804 4104 Ι
856 4039 905 4088 9.
943 4032 1200 4089 Formiae
1237 4034 1335 4104 lag
1363 4051 1436 4087 an
1464 4034 1566 4089 der
1590 4034 1769 4088 Kfiste
1796 4034 1875 4088 im
1902 4035 2192 4089 sfidlichen
2218 4034 2461 4090 Latium.
2513 4038 2521 4105 Ι
2575 4040 2656 4089 13.
2695 4038 2779 4090 in-

423 4106 596 4174 plexa
623 4106 772 4159 laetu
798 4105 1058 4161 continuo
1088 4104 1172 4157 ‘in
1195 4104 1612 4159 fortwahrende
1641 4104 1855 4159 Trauer
1881 4106 2218 4160 versunken’
2249 4105 2358 4176 vgl.
2383 4104 2509 4160 Sen.
2538 4108 2656 4159 nat.
2686 4124 2777 4174 qu.

432 4181 460 4228 1
475 4218 489 4243 ‚
520 4180 547 4227 1
564 4217 577 4242 ,
608 4181 642 4229 4
678 4175 997 4242 videbimus,
1033 4194 1110 4230 an
1144 4192 1326 4231 rerum
1362 4176 1605 4231 omnium
1643 4182 1819 4231 certus
1854 4177 1985 4231 ordo
2021 4178 2259 4231 dueatwr
2294 4183 2345 4232 et
2379 4176 2499 4231 alia
2535 4176 2665 4230 aliis
2699 4179 2780 4231 ita

427 4246 668 4313 impleaea
710 4245 837 4300 sint.
910 4245 1032 4299 Den
1080 4245 1408 4300 Klassikern
1450 4245 1530 4299 ist
1574 4245 1634 4299 in
1682 4244 1981 4300 ahnlichen
2016 4246 2459 4315 Verbindungen
2502 4246 2781 4315 implicari

430 4314 739 4437 glelaufiger
776 4316 983 4383 (morbo
992 4355 1011 4381 ,
1048 4318 1346 4386 anyoribus
1389 4322 1440 4372 et
1475 4317 1777 4385 molestiis).
1838 4321 1847 4385 1
1906 4334 2004 4372 ‘nec
2038 4317 2171 4372 ullis
2207 4317 2483 4372 alimentis
2510 4342 2579 4362 =
2608 4316 2780 4370 nullis

431 4400 468 4437 a
489 4385 719 4439 imentis.
