3075 4800
1066 233 1282 288 LIBER
1316 233 1434 288 XII.
1492 233 1645 288 CAP.
1686 238 1914 288 55-58.
2585 234 2672 297 69

319 398 498 462 tibus
551 399 1018 482 praetoriarum
1073 397 1438 462 cohortium
1491 395 1806 480 manipuli
1852 400 2229 481 turmaeque
2275 395 2674 481 adstiterunt,

322 488 705 571 antepositis
758 486 1286 573 propugnaculis,
1340 508 1421 549 ex
1466 486 1614 570 quis
1659 484 2020 568 catapultae
2065 485 2487 569 ballistaeque
2532 490 2669 550 ten-
2688 511 2742 551 10

322 576 642 640 derentur.
751 575 1001 659 reliqua
1070 575 1247 639 lacus
1311 574 1624 639 classiarii
1687 574 1876 639 tectis
1938 573 2211 638 navibus
2276 573 2672 639 obtinebant.

321 666 496 748 ripas
553 668 618 729 et
663 663 859 729 colles
904 665 1350 748 montiumque
1395 664 1571 727 edita
1616 663 1685 727 in
1728 662 1991 726 modum
2038 662 2278 727 theatri
2320 662 2671 728 multitudo

322 755 660 817 innumera
703 752 1069 836 complevit,
1114 752 1428 836 proximis
1473 774 1509 816 e
1551 751 1920 835 municipiis
1956 754 2022 815 et
2058 751 2170 814 alii
2206 751 2362 815 urbe
2399 773 2479 815 ex
2515 752 2673 838 ipsa,

323 842 573 906 visendi
616 842 915 925 cupidine
960 845 1073 905 aut
1118 841 1334 905 officio
1380 841 1452 905 in
1494 840 1870 924 principem.
1954 840 2091 924 ipse
2136 840 2377 926 insigni
2411 839 2672 923 paluda-

322 935 543 995 mento
614 952 822 1014 neque
885 929 1109 1012 procul
1172 928 1536 1016 Agrippina
1597 929 1934 1012 chlamyde
1998 931 2222 992 aurata
2281 928 2670 1011 praesedere.
2692 951 2743 992 ιε

323 1022 684 1106 pugnatum
742 1040 1127 1102 quamquam
1175 1019 1345 1083 inter
1389 1023 1609 1082 sontes
1654 1017 1923 1082 fortium
1969 1018 2255 1081 virorum
2303 1018 2519 1081 animo
2528 1067 2547 1101 ‚
2601 1039 2675 1083 ac

323 1111 474 1191 post
518 1107 797 1171 multum
843 1108 1180 1171 vulnerum
1227 1107 1545 1172 occidioni
1589 1106 1874 1189 exempti
1920 1109 2088 1170 sunt.
2780 1110 2785 1115 ’

504 1194 630 1260 Sed
691 1195 977 1279 perfecto
1044 1195 1408 1279 spectaculo
1473 1199 1769 1279 apertum
1823 1215 2135 1279 aquarum
2189 1194 2329 1258 iter.
2430 1194 2676 1259 incuria
2693 1190 2778 1257 57

327 1285 540 1367 operis
603 1284 945 1348 manifesta
1005 1284 1157 1368 fuit,
1218 1284 1391 1348 haud
1455 1285 1615 1349 satis
1678 1282 1965 1367 depressi
2023 1283 2104 1346 ad
2155 1281 2333 1347 lacus
2389 1283 2520 1347 ima
2571 1283 2675 1348 vel

323 1372 549 1437 media.
633 1394 853 1457 eoque,
897 1377 1185 1457 tempore
1231 1374 1588 1458 interiecto,
1633 1372 1829 1437 altius
1875 1371 2093 1436 effossi
2137 1393 2381 1455 specus,
2427 1376 2492 1436 et
2528 1392 2673 1437 con-

325 1460 670 1526 trahendae
724 1484 979 1527 rursum
1034 1461 1437 1527 multitudini
1484 1462 1916 1549 gladiatorum
1963 1459 2399 1544 spectaculum
2445 1460 2673 1545 editur,

330 1550 550 1614 inditis
615 1550 922 1633 pontibus
984 1552 1341 1634 pedestrem
1408 1550 1488 1615 ad
1552 1572 1856 1637 pugnam.
1958 1550 2117 1633 quin
2178 1552 2243 1613 et
2305 1549 2672 1613 convivium
2693 1568 2719 1609 5

328 1638 587 1703 effluvio
634 1640 810 1704 lacus
856 1638 1219 1723 adpositum
1265 1662 1501 1726 magna
1545 1639 1888 1704 formidine
1925 1641 2191 1703 cunctos
2228 1637 2480 1721 adfecit,
2525 1639 2678 1722 quia

326 1728 423 1791 vis
470 1750 778 1811 aquarum
824 1749 1245 1812 prorumpens
1291 1729 1587 1813 proxima
1629 1726 1945 1811 trahebat,
1991 1726 2317 1792 convulsis
2359 1727 2676 1792 ulteriori-

326 1816 446 1880 bus
513 1821 624 1881 aut
677 1817 933 1903 fragore
988 1820 1052 1880 et
1107 1817 1323 1881 sonitu
1378 1817 1719 1882 exterritis.
1822 1815 2017 1880 simul
2069 1814 2433 1903 Agrippina
2484 1818 2676 1900 trepi-

328 1904 584 1969 datione
638 1905 947 1988 principis
1000 1926 1116 1968 usa
1169 1905 1534 1969 ministrum
1590 1905 1800 1989 operis
1845 1903 2222 1970 Narcissum
2275 1906 2527 1970 incusat
2571 1925 2675 1969 cu-

326 1993 567 2093 pidinis
614 2013 686 2057 ac
730 1992 1125 2092 praedarum.
1214 2014 1333 2057 nec
1378 1992 1488 2057 ille
1534 1995 1778 2078 reticet,
1823 1994 2251 2078 inpotentiam
2296 1992 2675 2057 muliebrem
2696 2010 2750 2050 ιο

328 2100 690 2161 mm1asque
735 2100 881 2163 spes
927 2100 1063 2143 ems
1109 2101 1398 2166 arguens.

508 2166 587 2230 D.
624 2165 811 2231 Iunio
858 2166 929 2243 Q.
965 2166 1234 2232 Haterio
1280 2168 1652 2233 consulibus
1699 2170 1973 2237 sedecim
2019 2191 2221 2235 annos
2264 2172 2453 2234 natus
2498 2167 2673 2234 Nero
2693 2157 2782 2226 58

332 2254 664 2320 Octaviam
713 2254 997 2321 Caesaris
1052 2256 1254 2321 filiam
1309 2258 1378 2322 in
1422 2258 1903 2323 matrimonium
1950 2259 2212 2344 accepit.
2302 2261 2502 2342 utque
2548 2263 2679 2324 stu-

330 2345 453 2411 diis
508 2344 795 2411 honestis
850 2351 909 2411 et
956 2345 1356 2430 eloquentiae
1402 2346 1611 2435 gloria
1656 2348 2056 2433 enitesceret,
2111 2369 2302 2414 causa
2345 2344 2679 2413 Hiensium

334 2555 557 2680 Vergils
593 2557 732 2610 Aen.
765 2563 849 2625 11,
878 2562 980 2610 383
1016 2557 1239 2612 solitum
1273 2558 1390 2613 tibi.
1442 2560 1451 2629 Ι
1501 2565 1551 2613 9.
1590 2558 1695 2614 Die
1749 2558 2111 2614 Pratorianer
2160 2558 2390 2613 dienten
2440 2577 2539 2612 zur
2573 2558 2679 2613 Be-

330 2644 450 2681 wac
491 2644 608 2697 ung
672 2627 771 2681 der
832 2627 1103 2699 Kampfer
1118 2673 1132 2697 ,
1195 2628 1408 2684 welche
1471 2629 1586 2701 alle
1652 2647 1753 2684 aus
1817 2629 2203 2684 Verbrechern
2275 2629 2605 2684 bestanden.
2665 2629 2675 2702 Ι

333 2703 415 2751 10.
454 2699 774 2767 antepositis
810 2725 878 2744 =
917 2707 1043 2755 ante
1076 2717 1130 2755 se
1160 2701 1371 2769 positis.
1447 2689 1693 2754 Ahnlioh
1733 2706 1782 2768 1,
1812 2705 1882 2754 50
1935 2717 2049 2754 non
2094 2700 2412 2767 antepositis
2454 2701 2678 2769 viqiliis.

332 2766 438 2821 Die
484 2770 908 2839 propugnacula
960 2771 1185 2824 werden
1222 2768 1459 2824 Gerfiste
1504 2786 1614 2824 von
1648 2769 1790 2825 Holz
1877 2785 2095 2824 ewesen
2141 2768 2276 2823 sein.
2352 2768 2458 2823 Dio
2496 2775 2582 2837 60,
2612 2774 2679 2848 ²⁹33

332 2836 991 2978 {sesamae
1022 2788 2680 2978 ewmessesinesse-..2‚terem

331 2981 575 3049 tiumque
628 2981 791 3035 edita.
862 2957 1009 3053 Vgl.'
1028 2929 1212 3052 42¹?
1224 2981 1321 3051 qui
1365 2981 1634 3035 montium
1668 2980 1831 3035 editis
1865 3011 1936 3019 —
1970 2980 2273 3050 agitabant.
2319 2983 2328 3047 Ι
2371 2984 2454 3032 13.
2492 2986 2542 3034 et
2577 2980 2685 3034 alii

333 3052 476 3105 statt
511 3049 616 3105 alii
651 3082 720 3090 —
757 3051 877 3119 alii,
913 3070 955 3106 s.
995 3071 1063 3107 zu
1102 3054 1207 3122 ΚΡ.
1237 3058 1304 3105 41
1353 3058 1405 3106 et
1450 3051 1558 3105 alii
1585 3068 1688 3120 per
1733 3050 1959 3119 speciem
1992 3051 2228 3105 hmwris.
2375 3056 2458 3106 14.
2498 3051 2682 3118 officio

339 3122 464 3175 ‘aus
502 3120 825 3192 schuldiger
856 3123 1184 3192 Rficksicht‚
1221 3120 1780 3177 Aufmerksamkeit'.
1814 3122 1823 3191 Ι
1858 3127 1940 3175 15.
1981 3127 2199 3177 awrata.
2320 3122 2427 3175 ach
2463 3121 2681 3177 Plinius

332 3211 386 3247 n.
425 3191 556 3247 hist.
588 3198 675 3262 33,
706 3198 755 3261 3,
796 3199 862 3247 63
906 3211 1024 3249 war
1060 3195 1160 3248 der
1195 3192 1413 3248 Mantel
1457 3192 1620 3248 nicht
1662 3192 1978 3262 vergoldet,
2027 3191 2269 3247 sondern
2314 3210 2423 3247 von
2469 3193 2684 3248 reinem

332 3261 630 3330 Goldstoff‚
671 3282 811 3320 auro
846 3266 1027 3320 textili
1060 3269 1178 3320 sine
1215 3266 1334 3319 alia
1369 3266 1617 3320 materia.
1673 3263 1779 3318 Dio
1819 3263 2147 3319 bezeichnet
2175 3264 2265 3318 die
2295 3262 2558 3333 Chlamys
2596 3264 2682 3319 als

331 3334 633 3405 ὃιάχρυσος
673 3334 1217 3404 ‘golddurchwirkt'.
1287 3338 1296 3406 Ι
1367 3341 1451 3390 16.
1488 3342 1684 3404 sontes,
1720 3334 1816 3389 bei
1852 3334 1959 3390 Dio
1998 3340 2085 3404 60,
2113 3340 2181 3388 33
2226 3335 2466 3409 θανάτῳ
2511 3354 2683 3390 κατα-

331 3404 740 3474 δεδικασμένοι.
774 3408 783 3473 Ι
818 3410 901 3460 17.
932 3413 1059 3475 post
1094 3408 1323 3462 multum
1358 3406 1660 3461 vulnerum.
1732 3405 1880 3462 Einl.
1919 3413 1949 3473 ξ
1976 3412 2047 3460 40
2084 3423 2175 3460 am
2213 3405 2387 3461 Ende.

510 3475 610 3530 57.
649 3482 698 3530 2.
737 3476 975 3545 depressi
1014 3476 1279 3545 ‘vertieft,
1315 3475 1472 3546 tief’,
1508 3476 1620 3548 vgl.
1653 3481 1738 3546 15,
1767 3483 1835 3531 42
1873 3478 2238 3548 naviqabilem
2272 3477 2478 3544 fossam
2512 3493 2683 3547 usque

333 3546 407 3597 ad
445 3547 588 3600 ostia
628 3546 889 3600 Tiberina
924 3548 1268 3616 depresswros
1296 3550 1681 3616 promiserant.
1723 3551 1732 3617 Ι
1773 3548 1856 3603 vel
1891 3548 2070 3602 media
2105 3549 2252 3601 setzt
2286 3545 2518 3600 Tacitus
2556 3565 2683 3600 zum

332 3602 612 3667 'Uberflufs
648 3614 835 3684 hinzu,
874 3616 949 3670 da
985 3618 1525 3688 erfahrungsmassig
1553 3618 1646 3673 die
1751 3617 1894 3672 ofste
1923 3616 2080 3671 Tiefe
2118 3616 2178 3670 in
2207 3617 2306 3670 der
2332 3616 2498 3670 Mitte
2528 3615 2682 3670 eines

336 3682 790 3738 Wasserbassins
828 3703 896 3738 zu
933 3687 1052 3741 sein
1087 3688 1278 3758 pflegt.
1312 3691 1321 3759 Ι
1355 3695 1403 3742 3.
1441 3707 1632 3759 specus
1670 3690 1688 3716 ‘
1738 3688 1933 3742 unnel’
1974 3687 2149 3740 durch
2186 3686 2296 3741 den
2323 3687 2683 3756 Bergriicken

339 3753 617 3808 zwischen
654 3754 781 3808 dem
819 3755 921 3809 See
958 3758 1073 3810 und
1110 3759 1239 3812 dem
1273 3758 1433 3813 Liris.
1581 3765 1630 3814 5.
1668 3761 1866 3814 inditis
1894 3759 2157 3828 pontibus
2202 3757 2254 3813 d.
2283 3758 2338 3813 h.
2386 3758 2526 3812 fiber
2573 3759 2684 3813 den

335 3826 458 3890 See,
498 3824 701 3880 dessen
734 3824 966 3909 Wasser
993 3828 1059 3907 ja
1092 3846 1200 3881 nur
1236 3847 1361 3882 zum
1396 3762 1522 3884 Teii
1559 3829 1901 3902 abgelaufen
1935 3845 2140 3883 waren.
2174 3830 2182 3900 Ι
2223 3832 2362 3900 quin
2397 3837 2448 3885 et
2483 3829 2686 3901 gehort

332 3895 482 3950 bloss
521 3913 591 3949 zu
629 3897 957 3966 adpositum,
991 3899 1150 3951 nicht
1187 3917 1254 3952 zu
1291 3902 1518 3971 adfecit,
1572 3918 1633 3955 so
1689 3900 1835 3955 efter
1889 3899 1981 3954 die
2018 3899 2304 3971 Negation
2355 3918 2477 3970 nec,
2534 3919 2576 3955 s,
2616 3919 2684 3954 zu

332 3967 439 4038 ΚΡ.
471 3972 521 4036 7,
551 3972 599 4021 3.
670 3969 679 4038 Ι
748 3973 797 4023 8.
836 3969 1059 4039 frayore
1114 3976 1164 4023 et
1206 3972 1415 4037 sonitu,
1462 3972 1590 4025 ‘mit
1635 3970 2171 4027 donnerahnlichem
2207 3971 2434 4026 Getbse’
2486 3971 2546 4027 ἓν
2585 3971 2684 4026 διὰ

335 4041 513 4094 δυοῖν.
591 4043 639 4093 9.
679 4039 1009 4095 Narcissum
1045 4040 1278 4095 incusat.
1353 4039 1443 4095 sie
1477 4042 1667 4097 hafste
1703 4042 1820 4112 ihn,
1856 4042 1986 4097 weil
2023 4059 2084 4096 er
2120 4043 2249 4097 dem
2286 4042 2552 4098 Claudius
2590 4041 2684 4096 die

335 4109 499 4164 Aelia
581 4109 774 4165 aetina
809 4128 910 4164 zur
945 4109 1247 4165 Gemahlin
1283 4111 1603 4182 empfohlen
1636 4114 1814 4168 hatte.
1866 4115 1875 4184 Ι
1933 4114 2214 4183 cupidinis
2250 4131 2316 4168 ae
2342 4113 2685 4182 praedarum

336 4180 477 4305 {dle}
495 4180 749 4253 Habgier
791 4181 910 4235 und
947 4181 1491 4252 Unterschlagung’3
1537 4186 1819 4254 cupidinis
1855 4183 2166 4253 subjektiv‚
2208 4185 2547 4252 praedarum
2584 4181 2683 4235 ob-

331 4267 392 4319 Je
461 4269 536 4319 nr,
575 4271 616 4307 s,
657 4271 724 4306 zu
764 4260 814 4321 1,
844 4257 894 4322 8,
925 4259 972 4307 6.

515 4322 612 4378 58.
655 4330 702 4379 1.
739 4324 805 4378 D.
845 4324 1045 4379 Junius
1085 4322 1309 4378 Silanus
1354 4324 1498 4378 wird
1533 4340 1647 4379 von
1681 4325 1832 4379 Nero
1869 4324 1950 4377 im
1984 4325 2032 4377 J.
2065 4328 2133 4376 54
2170 4339 2297 4373 zum
2334 4319 2683 4372 Selbstmord

333 4407 691 4463 gezwungen.
765 4395 1031 4451 Haterius
1068 4394 1148 4450 ist
1184 4395 1285 4450 der
1319 4395 1502 4449 Enkel
1542 4396 1640 4448 des
1677 4395 1928 4448 Redners
1966 4391 2028 4457 Q.
2066 4389 2347 4444 Haterius.
2392 4391 2401 4456 Ι
2439 4387 2681 4442 sedecim.
