3075 4800
1061 203 1277 258 LIBER
1312 205 1455 259 XIII.
1514 205 1667 260 OAP.
1709 211 1862 260 1—3.
2559 205 2641 269 81

269 367 496 450 rabat,
542 367 826 431 intentus
864 367 1002 450 ipse
1039 371 1103 431 et
1139 369 1361 454 ceteri3
1406 368 1770 433 liberalium
1809 390 2064 451 quoque
2101 367 2338 432 artium
2375 388 2645 431 comme-

276 456 570 520 moratio
636 459 699 519 et
760 455 927 519 nihil
988 461 1249 541 regente
1313 480 1387 522 eo
1452 458 1640 522 triste
1704 457 1796 520 rei
1860 456 2154 540 publicae
2219 456 2298 520 ab
2366 457 2644 520 externis

272 544 601 609 accidisse
655 544 875 627 pronis
936 545 1165 610 animis
1223 547 1465 610 audita:
1519 549 1865 629 postquam
1911 545 1992 609 ad
2034 545 2504 629 providentiam
2551 566 2644 609 sa·
2664 571 2689 609 5

277 633 731 716 pientiamque
788 633 995 717 flexit,
1050 656 1240 698 nemo
1296 635 1456 699 risui
1500 638 1874 717 temperare,
1921 655 2309 716 quamquam
2356 633 2561 697 oratio
2609 656 2646 696 a

278 721 538 786 Seneca
596 721 953 805 composita
1006 721 1284 787 multum
1338 724 1550 787 cultus
1604 722 1980 806 praeferret,
2044 726 2118 785 ut
2170 721 2297 784 fuit
2353 721 2451 784 illi
2506 722 2644 786 viro

278 831 1053 984 ΐὲξῖῖὲῖἳῃέῗὲἑξῖῗὲ,
1081 815 1706 982 θζηῖἰΐὲοέὲῗοεῗὲξ
1748 809 2648 980 ἒεῖῃὲἓῖωίᾱίἳωιῗῗὲἓέἒὲἒᾼ

282 986 705 1070 contendere,
759 987 1039 1069 primum
1095 1010 1173 1052 ex
1228 989 1335 1072 iis,
1391 989 1504 1072 qui
1550 1010 1763 1052 rerum
1809 988 2003 1071 potiti
2050 989 2277 1070 essent,
2322 984 2646 1049 Neronem
2668 1015 2721 1052 ιο

280 1076 541 1140 alienae
604 1075 937 1139 facundiae
999 1077 1265 1161 eguisse.
1364 1099 1515 1140 nam
1571 1077 1848 1141 dictator
1904 1073 2134 1139 Caesar
2188 1075 2455 1138 summis
2512 1096 2647 1138 ora-

283 1164 546 1228 toribus
584 1164 898 1248 aemulus3
936 1167 1001 1228 et
1036 1163 1334 1252 Augusto
1372 1169 1672 1249 prompta
1709 1186 1782 1229 ac
1817 1164 2160 1248 profluens,
2198 1183 2361 1246 quae
2398 1162 2648 1227 deceret

284 1253 682 1336 principem,
749 1252 1115 1335 eloquentia
1176 1254 1318 1317 fuit.
1421 1254 1716 1318 Tiberius
1781 1257 1984 1317 artem
2049 1272 2303 1335 quoque
2358 1250 2647 1336 callebat,

286 1363 425 1425 qua
505 1341 701 1405 verba
773 1338 1181 1425 expenderet,
1263 1347 1404 1406 tum
1476 1342 1728 1407 validus
1802 1341 2093 1405 sensibus
2166 1344 2278 1404 aut
2350 1340 2647 1404 consulto

283 1429 655 1515 ambiguus.
774 1430 968 1493 etiam
1045 1428 1165 1494 Grai
1238 1430 1525 1496 Caesaris
1607 1431 1868 1495 turbata
1939 1450 2119 1493 1116118
2192 1429 2325 1492 vim
2398 1428 2649 1492 dicendi
2670 1455 2720 1494 15

284 1540 428 1582 non
492 1518 794 1601 corrupit.
895 1539 1012 1583 1166
1076 1519 1146 1583 111
1203 1519 1496 1605 Claudio,
1565 1520 1861 1602 quotiens
1926 1518 2234 1582 meditata
2296 1516 2649 1601 dissereret,

293 1814 423 1869 Tib.
458 1822 486 1868 1
526 1814 687 1869 hatte
726 1816 825 1870 der
858 1816 1198 1886 patricische
1236 1817 1425 1886 Zweig
1462 1818 1562 1872 der
1599 1817 1862 1872 claudier
1898 1821 1967 1870 28
2003 1816 2340 1883 Konsulate,
2379 1822 2411 1869 5
2448 1815 2650 1870 Dikta-

294 1889 482 1954 turen,
523 1891 552 1939 7
582 1885 881 1956 06113111611,
913 1894 942 1941 7
973 1887 1277 1959 Triumphe
1305 1888 1423 1941 und
1452 1895 1483 1941 2
1515 1887 1830 1943 Ovationen
1859 1886 2252 1941 aufzuweisen.
2288 1888 2296 1957 Ι
2329 1893 2378 1941 3.
2408 1889 2652 1942 intentus

293 1957 526 2011 absolut
574 1957 775 2024 ‘ernst,
832 1960 1165 2027 gemessen’.
1234 1961 1243 2027 Ι
1312 1960 1622 2013 liberalium
1656 1991 1727 1999 —
1765 1960 1996 2024 artium,
2033 1956 2146 2026 vgl.
2187 1963 2236 2024 6,
2266 1962 2335 2010 46
2373 1960 2538 2011 etiam
2586 1959 2652 2012 de

297 2028 543 2083 Claudio
581 2029 847 2098 ayitanti,
887 2030 1031 2097 quod
1074 2029 1124 2081 is
1168 2029 1451 2097 conposita
1500 2036 1675 2083 aetate
1712 2030 1979 2083 bonarum
2014 2029 2222 2081 artium
2258 2029 2482 2096 cupiens
2518 2036 2652 2094 erat,

293 2101 578 2154 inminuta
615 2115 766 2152 mens
801 2100 918 2152 eius
954 2099 1172 2153 obstitit.
1224 2099 1300 2152 Er
1337 2098 1557 2152 schrieb
1594 2098 1896 2152 lateinisch
1924 2097 2018 2152 ein
2043 2096 2448 2151 bandereiches
2477 2097 2652 2150 Werk

297 2170 440 2224 fiber
496 2168 589 2223 die
627 2168 751 2223 Zeit
804 2168 950 2222 nach
988 2168 1221 2222 0368313
1267 2169 1416 2237 Tod‚
1464 2168 1779 2238 griechisch
1827 2168 1952 2221 61116
1999 2166 2335 2222 Geschichte
2382 2168 2482 2221 der
2517 2166 2653 2236 Tyr-

297 2241 499 2294 rhener
536 2239 652 2293 und
703 2240 804 2293 der
838 2239 1171 2309 Karthager.
1240 2241 1248 2309 Ι
1315 2245 1365 2293 4.
1404 2257 1583 2310 reyere
1636 2240 1782 2293 ohne
1839 2237 2074 2307 Objekt,
2132 2256 2173 2292 s.
2212 2256 2279 2291 zu
2316 2244 2367 2306 4,
2399 2244 2483 2305 33,
2515 2243 2597 2292 18.
2642 2239 2648 2310 Ι

303 2318 349 2365 7.
389 2312 621 2368 multum
674 2313 853 2366 cultus
898 2314 1203 2381 praeferret
1260 2310 1394 2365 ‘viel
1451 2310 1646 2365 Glatte
1693 2309 1954 2381 (Politur)
2010 2308 2387 2363 aufzuweisen
2440 2309 2651 2376 hatte'3

290 2385 594 2454 praeferret
632 2411 700 2429 =
729 2402 871 2454 prae
923 2401 979 2439 se
1029 2383 1225 2451 ferret,
1280 2400 1322 2438 s.
1362 2400 1431 2435 zu
1468 2387 1519 2450 4,
1552 2387 1635 2449 75,
1666 2387 1697 2435 5
1753 2381 1869 2436 und
1924 2380 2036 2451 vgl.
2077 2386 2242 2451 2,53,
2275 2385 2357 2435 13.
2427 2382 2435 2451 Ι
2502 2368 2656 2435 Uber

300 2454 514 2509 Seneca
550 2454 712 2523 giebt
748 2453 937 2520 Quint.
972 2460 1057 2523 10,
1089 2459 1137 2523 1,
1168 2459 1450 2508 129-130
1505 2452 1799 2523 10136111163
1855 2451 2036 2506 Urteil
2092 2453 2192 2507 ab:
2250 2454 2452 2508 multae
2496 2454 2559 2506 in
2595 2470 2654 2508 eo

303 2527 587 2595 claraeque
622 2528 932 2594 sententiae,
970 2527 1145 2581 multa
1180 2527 1344 2581 etiam
1380 2542 1591 2580 morum
1626 2525 1812 2595 qratia
1850 2525 2099 2595 leyenda,
2136 2525 2229 2578 sed
2265 2525 2328 2577 in
2363 2525 2655 2594 eloquendo
2718 2551 2723 2557 ·

301 2604 560 2666 corrupta
587 2598 851 2667 pleraque
886 2605 1046 2667 atque
1083 2614 1142 2651 eo
1172 2597 1657 2666 perniciosissima,
1695 2596 1838 2664 quod
1875 2596 2165 2650 abwndant
2200 2596 2453 2650 dulcibus
2487 2596 2650 2650 vitiis.

300 2669 457 2723 velles
501 2685 623 2722 eum
674 2685 773 2722 suo
827 2670 1047 2739 inqenio
1102 2669 1331 2735 dixisse,
1381 2669 1565 2721 alieno
1618 2667 1827 2721 iudicio
1897 2665 2346 2734 ‘Geschmack').
2420 2683 2554 2719 nam
2606 2668 2656 2720 si

303 2740 525 2808 obliqua
563 2737 702 2807 (‘die
739 2738 1149 2808 umiatfirliche,
1188 2738 1366 2793 durch
1402 2737 1761 2807 unmassigen
1797 2735 1878 2790 Ge
1920 2736 2095 2790 rauch
2131 2753 2241 2789 von
2279 2736 2501 2805 Tropen
2538 2737 2654 2788 und

302 2808 548 2878 Figuren
586 2807 690 2861 auf
713 2808 1038 2862 Schrauben
1075 2809 1336 2878 gestellte
1364 2806 1906 2876 Ausdrucksweise'>
1934 2808 2344 2875 contempsisset,
2379 2807 2430 2860 si
2449 2823 2656 2874 parum

304 2887 450 2935 ‘recta
505 2894 620 2931 non
672 2879 1033 2945 concupisset,
1095 2880 1147 2932 si
1197 2898 1311 2934 non
1362 2881 1552 2934 omnia
1604 2895 1709 2932 sua
1764 2884 2018 2943 amasset,
2073 2879 2124 2930 si
2175 2893 2357 2931 rerum
2405 2878 2658 2945 pondera

307 2948 693 3003 minutissimis
745 2949 1025 3001 sententiis
1076 2966 1189 3002 non
1241 2952 1512 3020 freyisset,
1567 2965 1830 3005 consensu
1875 2949 2066 3017 potius
2110 2948 2447 3002 eruditorum
2492 2964 2653 3017 quam

306 3033 604 3087 puerorum
639 3033 821 3071 amore
857 3020 1305 3086 comprobaretur.
1375 3025 1383 3089 Ι
1453 3027 1535 3075 12.
1575 3022 1844 3091 Auyusto.
1919 3018 2130 3072 Sueton
2165 3016 2356 3071 rfihmt
2400 3016 2492 3071 die
2540 3017 2656 3071 ein-

315 3087 476 3141 fache
514 3086 632 3139 und
669 3087 815 3140 doch
852 3087 1111 3156 elegante
1148 3089 1366 3143 Manier
1402 3092 1584 3146 3611163
1621 3091 1944 3159 Vortrages.
2004 3094 2012 3159 Ι
2082 3106 2219 3159 quae
2255 3089 2469 3144 deceret.
2545 3088 2659 3143 Der

312 3156 677 3212 konsekutive
715 3157 1061 3213 Relativsatz
1098 3159 1389 3215 bestimmt
1414 3169 1677 3242 ¹prompta
1714 3179 1780 3216 ac
1806 3164 2088 3230 profluens
2124 3162 2429 3230 eloquentia
2462 3159 2656 3228 nahar,

311 3229 386 3283 ist
428 3228 587 3283 nicht
634 3230 743 3284 den
780 3228 1123 3300 AdJ'ektiven
1168 3231 1546 3300 koordimert,
1595 3232 1723 3286 ‘wie
1770 3232 1852 3285 sie
1892 3230 2044 3285 wohl
2081 3231 2409 3300 anstand’51
2444 3237 2545 3292 14„
2566 3249 2654 3285 ex·

303 3302 534 3371 pendere
584 3301 891 3371 ‘erwagem
942 3302 1257 3372 abwagen’.
1335 3302 1446 3356 016.
1486 3304 1557 3356 de
1595 3320 1671 3358 or.
1703 3308 1734 3355 2
1773 3310 1804 3369 ξ
1833 3308 1936 3356 309
1985 3306 2355 3373 (arqumenta)
2395 3320 2510 3357 non
2544 3309 2658 3357 tam

308 3390 588 3428 numerare
649 3374 790 3428 soleo
853 3391 1020 3443 quam
1071 3375 1382 3443 expendere.
1489 3374 1497 3443 Ι
1601 3381 1716 3428 tum
1783 3373 2013 3441 ‘fer-ner,
2059 3373 2177 3426 und
2223 3374 2429 3427 ebenso
2442 3374 2458 3399 ’
2512 3373 2656 3426 ohne

309 3443 785 3514 vorhergehendes
824 3461 947 3498 cum
983 3444 1120 3498 oder
1149 3447 1413 3513 primum,
1450 3443 1510 3496 in
1547 3443 1887 3498 klassischer
1913 3445 2086 3498 Prosa
2122 3443 2283 3497 nicht
2320 3444 2517 3511 selten,
2545 3443 2654 3512 vgl.

313 3533 353 3569 z.
380 3515 442 3569 B.
482 3514 592 3568 016.
633 3515 702 3568 de
751 3514 843 3568 off.
877 3521 924 3583 1,
955 3521 1041 3582 21,
1073 3521 1135 3568 71
1194 3518 1287 3570 sed
1331 3516 1587 3570 videntwr
1633 3517 1841 3570 labores
1886 3522 1937 3569 et
1979 3517 2274 3582 molestias,
2320 3522 2436 3570 tum
2489 3515 2655 3580 offen-

312 3586 523 3639 sionum
575 3592 624 3638 et
676 3586 1021 3653 repulsarum
1075 3588 1235 3655 quasi
1289 3587 1571 3656 quandam
1614 3587 1975 3657 ignominiam
2024 3587 2208 3640 timere
2262 3592 2312 3639 et
2362 3586 2659 3651 infamiam

314 3654 425 3707 und
460 3672 501 3708 3.
539 3654 768 3709 Mfiller:
821 3672 890 3707 zu
928 3655 998 3708 de
1036 3655 1127 3709 off.
1161 3663 1209 3725 1,
1240 3663 1291 3725 6,
1322 3662 1388 3709 19
1426 3675 1480 3726 p.
1513 3662 1596 3710 15.
1668 3660 1675 3726 Ι
1742 3657 1988 3711 sensibus
2022 3658 2166 3709 statt
2201 3656 2479 3710 sententiis
2518 3653 2657 3708 ‘Gre-

318 3723 579 3778 danken’.
641 3727 650 3794 Ι
712 3730 794 3779 15.
832 3728 1056 3780 turbata
1091 3743 1253 3780 mens.
1327 3726 1443 3780 Das
1479 3726 1732 3798 hastige,
1772 3729 1909 3780 stets
1948 3725 2276 3796 aufgeregte
2313 3725 2521 3778 Wesen
2558 3726 2657 3780 des

316 3794 569 3864 Caligula
622 3796 737 3849 und
789 3795 942 3849 seine
992 3796 1426 3867 widersinnigen
1461 3798 1843 3867 Handlungen
1893 3799 2133 3866 zeugten
2182 3814 2291 3852 von
2338 3796 2660 3866 partiellem

316 3865 641 3921 Wahnsinn.
712 3868 720 3936 Ι
786 3884 900 3921 non
952 3869 1197 3936 corrupit
1250 3867 1326 3922 ist
1371 3868 1529 3923 nicht
1574 3869 1681 3922 mit
1726 3871 1889 3924 etiam
1934 3886 2002 3921 zu
2049 3869 2387 3937 verbinden,
2425 3867 2526 3922 das
2565 3868 2658 3922 ein

316 3955 479 3993 neues
509 3937 755 4007 Beispiel
791 3936 1113 3991 ffirstlicher
1148 3939 1421 4006 facundia
1458 3939 1662 4010 anstigt
1698 3940 1815 3993 und
1850 3939 1999 3994 bloss
2038 3940 2147 3992 den
2176 3940 2485 3995 Gedanken
2520 3939 2658 3994 fort-

316 4010 477 4065 ffihrt.
533 4009 746 4064 Darum
781 4008 859 4062 ist
893 4025 952 4062 es
988 4008 1169 4063 falsch
1205 4011 1371 4065 etiam
1397 4043 1465 4050 —
1493 4028 1609 4065 non
1636 4038 1704 4057 =
1732 4028 1801 4065 ne
1839 4013 2055 4080 quidem
2082 4029 2151 4064 zu
2179 4014 2382 4066 setzen.
2434 4010 2656 4064 Ebenso

317 4081 462 4134 kann
496 4098 631 4134 man
670 4085 754 4149 16,
783 4086 850 4133 22
889 4082 1121 4135 etiamne
1157 4083 1393 4136 luctibus
1428 4089 1478 4136 et
1513 4083 1792 4136 doloribus
1825 4100 1940 4137 non
1974 4082 2252 4137 satiatwr?
2289 4081 2405 4135 und
2432 4081 2565 4150 Agr.
2587 4088 2655 4133 43

319 4153 438 4218 finis
472 4153 617 4207 vitae
652 4154 768 4206 eius
802 4153 959 4206 nobis
1004 4153 1305 4219 luctuosus,
1342 4153 1535 4207 amicis
1578 4154 1776 4220 tristis,
1833 4154 2105 4207 extraneis
2149 4155 2313 4207 etiam
2356 4152 2659 4221 iynotisque

319 4239 422 4276 non
457 4224 575 4277 sine
610 4240 744 4277 ewra
779 4223 893 4290 fuit
926 4222 1088 4276 nicht
1123 4226 1228 4292 gut
1264 4240 1372 4277 von
1408 4225 1572 4277 etiam
1608 4256 1678 4264 —
1712 4242 1827 4278 non
1861 4223 2034 4278 reden
2052 4265 2065 4291 ‚
2108 4223 2239 4277 weil
2274 4240 2386 4277 non
2420 4220 2659 4274 satiatur

322 4293 427 4345 und
461 4310 574 4347 non
608 4295 725 4348 sine
760 4295 1045 4365 cwrafuit
1078 4293 1238 4348 mehr
1273 4293 1437 4348 einen
1473 4293 1692 4362 Begriff
1720 4294 1931 4348 bilden.
2005 4282 2160 4347 Uber
2196 4308 2403 4361 quoque
2440 4319 2507 4327 -
2544 4306 2659 4343 non

322 4380 359 4417 s.
395 4381 461 4416 zu
498 4370 547 4432 3,
577 4370 661 4433 54,
693 4370 775 4417 30.
828 4365 835 4437 Ι
885 4352 1039 4418 Uber
1075 4366 1321 4435 quotiens
1365 4364 1472 4418 mit
1509 4364 1672 4432 Konj.
1715 4382 1755 4418 s.
1796 4364 1941 4417 Einl.
1982 4370 2011 4428 s
2043 4369 2125 4416 ss.
2197 4368 2204 4428 Ι
2276 4367 2357 4413 15.
2398 4359 2658 4412 meditata

418 4462 523 4501 Tac.
552 4462 718 4502 Annal.
748 4464 809 4503 Π.
841 4464 918 4515 112.
2197 4456 2227 4501 6
