3075 4800
1024 268 1239 323 LIBER
1273 268 1416 325 XIII.
1474 268 1628 324 CAP.
1668 275 1896 323 41—43.
2508 271 2633 335 111

282 435 502 496 menta
547 434 614 495 et
659 431 853 495 orbos
899 432 1078 496 velut
1121 431 1421 517 indagine
1468 432 1606 496 eius
1653 432 1813 516 capi,
1861 430 2119 497 Italiam
2165 436 2231 497 et
2274 434 2637 516 provincias

279 521 572 585 inmenso
623 519 884 584 faenore
927 518 1198 584 hauriri:
1254 523 1323 584 at
1367 520 1493 584 sibi
1537 520 1760 584 labore
1808 522 2162 603 quaesitam
2208 525 2274 586 et
2317 522 2635 587 modicam

277 609 617 692 pecuniam
665 630 817 673 esse.
910 609 1178 691 crimen,
1231 608 1617 692 periculum,
1674 610 1892 673 omnia
1943 612 2161 693 potius
2210 610 2636 675 toleraturum
2665 637 2721 677 eo

279 718 474 780 quam
529 700 811 761 veterem
868 718 943 762 ac
997 697 1173 761 domi
1226 701 1479 780 partam
1534 697 1974 784 dignationem
2035 698 2285 762 subitae
2340 699 2637 764 felicitati

280 785 706 852 submitteret.

457 872 600 939 Nec
646 873 932 957 deerant,
990 875 1101 957 qui
1145 873 1303 938 haec
1349 874 1552 939 isdem
1600 874 1812 938 verbis
1859 878 1972 937 aut
2016 895 2200 938 versa
2245 875 2313 937 in
2357 873 2636 939 deterius
2655 876 2744 942 43

284 959 561 1026 Senecae
607 962 942 1026 deferrent.
1034 964 1399 1046 repertique
1436 966 1837 1028 accusatores
1884 963 2170 1045 direptos
2217 963 2444 1046 socios,
2490 984 2636 1027 cum

280 1047 550 1114 Suillius
594 1051 995 1134 provinciam
1040 1049 1264 1115 Asiam
1311 1055 1588 1137 regeret,
1639 1071 1713 1115 ac
1757 1050 2054 1134 publicae
2098 1052 2404 1134 pecuniae
2450 1072 2638 1134 pecu-

276 1136 486 1202 latum
543 1138 927 1203 detulerunt.
1019 1161 1200 1223 mox,
1256 1140 1409 1222 quia
1463 1139 1948 1222 inquisitionem
2006 1160 2280 1203 annuam
2338 1139 2638 1223 impetra-

279 1229 532 1310 verant,
593 1227 853 1292 brevius
907 1228 1119 1292 visum
1182 1228 1428 1291 urbana
1490 1228 1762 1291 crimina
1824 1227 2053 1311 incipi,
2120 1248 2393 1310 quorum
2459 1227 2635 1291 obvii
2690 1253 2718 1293 ⁵

278 1318 477 1380 testes
533 1318 730 1379 erant.
822 1316 871 1379 ii
926 1316 1273 1379 acerbitate
1329 1316 1754 1380 accusationis
1801 1314 1872 1390 Q.
1919 1314 2353 1398 Pomponium
2404 1315 2484 1379 ad
2530 1337 2636 1379 ne-

280 1404 646 1469 cessitatem
691 1403 846 1468 belli
893 1403 1102 1468 civilis
1148 1404 1496 1488 detrusum,
1540 1401 1775 1467 Iuliam
1821 1403 2019 1468 Drusi
2064 1404 2268 1467 filiam
2307 1403 2636 1468 Sabinam-

279 1513 408 1575 que
460 1490 827 1575 Poppaeam
883 1493 965 1556 ad
1018 1496 1294 1556 mortem
1350 1496 1525 1556 actas
1580 1494 1647 1555 et
1692 1491 2024 1555 Valerium
2070 1490 2458 1577 Asiaticum,
2512 1491 2636 1556 Lu-

280 1581 450 1645 sium
498 1578 944 1664 Saturninum‚
1002 1578 1372 1645 Cornelium
1416 1577 1675 1664 Lupum
1731 1579 2228 1664 circumventos,
2282 1581 2411 1645 iam
2464 1581 2636 1664 equi-

278 1672 421 1732 tum
459 1667 899 1732 Romanorum
947 1670 1206 1754 agmina
1250 1669 1551 1733 damnata
1588 1690 1971 1751 omnemque
2010 1668 2259 1733 Claudii
2302 1670 2635 1735 saevitiam
2664 1695 2719 1735 10

281 1754 514 1821 Suillio
571 1756 995 1821 obiectabant.
1087 1756 1198 1821 ille
1250 1756 1417 1821 nihil
1472 1779 1552 1821 ex
1615 1757 1718 1822 his
1776 1761 2006 1842 sponte
2066 1761 2461 1842 susceptum,
2525 1757 2636 1821 sed

280 1844 559 1929 principi
594 1845 884 1927 paruisse
922 1845 1321 1930 defendebat,
1367 1846 1569 1910 donec
1615 1868 1756 1910 eam
1795 1847 2152 1911 orationem
2192 1845 2424 1911 Caesar
2464 1846 2636 1910 cohi·

282 2020 675 2075 vertretenden
710 2019 981 2088 Infinitiv,
1020 2018 1130 2089 vgl.
1172 2026 1220 2087 1,
1253 2025 1320 2073 41
1361 2021 1484 2089 quis
1513 2020 1613 2080 ‚ille
1646 2020 1842 2089 flebilis
1875 2019 2081 2074 sonus?
2125 2020 2262 2088 quid
2295 2026 2410 2074 tam
2445 2016 2635 2073 triste?

282 2097 367 2160 11,
399 2096 464 2144 19
494 2109 592 2145 eur
626 2092 827 2146 hostem
852 2090 1124 2146 conciret?
1169 2088 1300 2143 hist.
1330 2095 1383 2157 4,
1412 2096 1479 2144 62
1518 2090 1643 2159 quis
1680 2090 1798 2144 dux
1832 2089 1991 2144 viae?
2029 2089 2182 2144 Caes,
2213 2089 2275 2143 Β.
2306 2088 2369 2143 G.
2402 2094 2451 2156 1,
2479 2093 2567 2156 43,
2602 2093 2634 2141 9

280 2163 427 2231 quod
462 2178 584 2217 vero
620 2163 697 2216 ad
732 2162 1034 2216 amicitiam
1061 2161 1263 2229 populi
1299 2160 1546 2214 Romani
1581 2162 1916 2227 attulissent,
1961 2160 2024 2213 id
2067 2161 2141 2214 iis
2175 2160 2319 2228 eripi
2359 2159 2481 2228 quis
2508 2159 2637 2227 pati

279 2233 495 2302 posset?
524 2235 535 2303 Ι
564 2238 883 2287 testamenta
918 2239 969 2286 et
1003 2232 1160 2292 orbos
1188 2258 1256 2277 =
1285 2232 1537 2285 orborum
1573 2238 1629 2296 t.,
1665 2230 1773 2284 wie
1813 2236 1897 2298 11,
1927 2236 1959 2284 6
1997 2232 2207 2297 famam
2242 2236 2292 2284 et
2318 2236 2578 2298 posteros.
2622 2228 2631 2299 Ι

284 2309 369 2357 18.
416 2305 561 2358 velut
604 2304 869 2374 indagine
913 2302 992 2355 ist
1038 2301 1132 2355 ein
1173 2318 1282 2355 von
1327 2301 1427 2355 der
1461 2301 1495 2355 J
1498 2300 1611 2371 agd
1657 2300 1974 2355 entlehntes
2010 2300 2166 2368 Bild‚
2214 2299 2311 2355 bei
2356 2299 2486 2354 Tac.
2529 2317 2639 2353 11111·

279 2373 403 2429 hier
421 2374 536 2429 und
552 2374 683 2444 Agr.
706 2379 771 2427 37
793 2374 1083 2445 indayinis
1101 2374 1257 2429 modo
1275 2374 1444 2429 silvas
1463 2372 1788 2442 persultare,
1815 2371 1924 2443 vgl.
1946 2372 2109 2428 Auct.
2126 2369 2258 2427 bell.
2281 2371 2415 2443 gall.
2438 2376 2488 2439 8,
2504 2376 2588 2440 18,
2604 2377 2631 2429 1

280 2447 428 2501 velut
453 2447 718 2517 indagine
742 2446 889 2500 hunc
914 2446 1140 2499 insidiis
1165 2445 1653 2511 circumdederunt,
1680 2443 1795 2498 Liv.
1828 2449 1877 2512 7,
1906 2449 1993 2513 37,
2025 2450 2120 2512 14;
2148 2443 2293 2499 Flor.
2324 2450 2374 2513 4,
2398 2449 2483 2512 12,
2502 2448 2588 2496 48.
2623 2443 2630 2514 Ι

283 2523 367 2571 21.
406 2534 572 2586 quam
599 2548 669 2557 --
695 2517 1028 2570 submitteret
1060 2514 1167 2569 πίε
1196 2521 1247 2585 3,
1276 2521 1343 2568 37
1372 2516 1478 2570 hnc
1495 2516 1687 2584 potius
1715 2517 2031 2582 intenderet,
2067 2532 2232 2584 quam
2261 2546 2328 2555 —
2356 2520 2632 2569 exerceret.

281 2586 408 2658 Vgl.
447 2586 561 2641 Liv.
601 2593 652 2656 4,
693 2593 742 2655 2,
773 2593 803 2640 9
842 2587 1136 2656 quamlibet
1169 2587 1574 2641 dimicationem
1608 2587 1884 2640 subituros
1918 2587 2089 2652 fuisse
2120 2587 2308 2654 potius
2345 2603 2507 2654 quam
2545 2601 2640 2638 eas

285 2658 419 2728 leyes
453 2659 562 2713 sibi
596 2658 807 2727 imponi
834 2663 1173 2726 paterentur,
1214 2663 1307 2725 10,
1345 2661 1441 2725 35,
1473 2661 1567 2724 15;
1604 2661 1700 2725 40,
1729 2661 1790 2724 4,
1821 2662 1878 2723 73
1918 2656 2053 2710 Sall.
2090 2656 2218 2726 Jug.
2261 2661 2380 2722 106,
2410 2661 2442 2708 3
2479 2672 2635 2708 man·

280 2746 472 2783 surwn
494 2729 681 2797 potius
716 2745 882 2797 quam
910 2759 977 2768 —
1006 2729 1150 2782 vitae
1170 2733 1434 2796 parceret,
1469 2727 1612 2796 Nep.
1641 2725 1930 2779 Hamilcar
1959 2733 2007 2795 1,
2038 2731 2069 2780 5
2097 2734 2163 2781 ut
2188 2728 2304 2794 ipse
2324 2727 2635 2794 periturum

281 2816 336 2853 se
365 2801 554 2868 potius
589 2799 795 2854 dixerit
828 2815 994 2867 quam
1021 2830 1089 2838 —
1119 2799 1338 2852 domum
1371 2798 1587 2852 rediret.
1654 2796 1845 2850 Cicero
1873 2796 2065 2849 wfirde
2093 2796 2243 2849 wohl
2269 2794 2510 2862 iiberall,
2547 2811 2636 2848 wo

284 2870 384 2923 der
409 2870 538 2924 Acc.
578 2886 624 2924 0.
653 2868 757 2924 Inf.
795 2868 900 2923 fut.
940 2868 1289 2938 voraufgeht,
1329 2868 1474 2922 auch
1510 2865 1818 2920 denselben
1853 2866 1956 2921 Inf.
1995 2866 2182 2919 haben
2218 2864 2411 2936 folgen
2446 2863 2635 2918 lassen

282 2940 451 3009 (nach
489 2940 563 2993 ad
597 2940 731 2994 fam.
771 2945 821 3008 2,
861 2946 946 3007 16,
975 2946 1007 2993 3
1045 2939 1329 3007 affirmavi
1364 2938 1583 3007 quidvis
1618 2953 1700 2990 me
1735 2938 1919 3005 potius
1947 2952 2333 3005 perpessurum
2368 2952 2533 3004 quam
2568 2952 2639 2990 ex

281 3011 459 3065 Italia
494 3011 769 3064 exiturwm
807 3010 920 3063 und
956 3011 1030 3064 ad
1056 3011 1175 3064 Att.
1205 3016 1255 3076 2,
1286 3015 1372 3076 20,
1400 3015 1432 3061 2
1463 3009 1625 3063 addit
1649 3024 1704 3061 se
1724 3008 1890 3076 prius
1917 3009 2147 3062 occisum
2175 3007 2253 3060 iri
2278 3007 2349 3060 ab
2376 3022 2435 3060 eo
2473 3022 2637 3075 quam

282 3098 365 3134 me
400 3082 664 3134 violatum
699 3080 792 3146 iri,
834 3099 876 3136 s.
912 3081 1145 3152 Madvig
1180 3098 1247 3133 zu
1286 3079 1356 3133 de
1392 3079 1515 3133 fin.⁸
1551 3084 1611 3147 4,
1651 3083 1709 3145 8,
1752 3083 1821 3131 20
1860 3078 1911 3131 S.
1953 3080 2301 3146 cll—512),
2348 3078 2506 3130 sonst
2540 3091 2637 3145 ge-

285 3149 527 3203 braucht
554 3150 697 3204 auch
726 3149 834 3206 Cic.
866 3151 976 3206 den
1001 3152 1167 3221 Konj.
1199 3169 1243 3205 z.
1272 3151 1335 3204 B.
1365 3150 1528 3203 Tusc.
1561 3155 1611 3217 2,
1641 3154 1727 3218 22,
1757 3152 1824 3201 52
1854 3149 2003 3203 Zeno
2032 3164 2320 3217 perpessus
2346 3153 2424 3203 est
2450 3147 2637 3202 omnia

276 3222 466 3289 potius
506 3238 669 3290 quam
705 3224 943 3277 conscios
978 3224 1263 3276 indicaret.
1316 3223 1324 3289 Ι
1372 3227 1598 3276 veterem
1634 3220 1784 3275 domi
1821 3226 2047 3288 partam
2092 3220 2464 3290 diqnationem
2504 3218 2638 3271 ‘den

285 3289 455 3360 alten,
494 3292 707 3347 durch
734 3292 1208 3363 personliches
1236 3290 1612 3346 Verdienst
1640 3291 1998 3345 erworbenen
2028 3292 2203 3370 guten
2229 3289 2493 3357 Namen’,
2528 3288 2640 3342 πίε

285 3367 333 3429 3,
367 3368 434 3415 70
472 3364 640 3417 bonas
676 3365 825 3418 domi
862 3370 1007 3418 artes
1045 3362 1221 3416 ‘seine
1256 3361 1744 3431 persbnlichen
1781 3364 1956 3431 guten
1988 3360 2451 3458 Eigenschaften'
2493 3359 2638 3427 sind,

283 3449 324 3485 s.
363 3432 453 3485 Na
494 3433 990 3487 elsbach-Mfiller⁸
1025 3451 1079 3502 p.
1121 3438 1220 3485 311
1261 3432 1422 3487 Anm.
1475 3436 1483 3497 Ι
1532 3433 1745 3489 subitae
1778 3433 2034 3500 felicitati
2095 3429 2305 3486 Gh'icks
2344 3431 2459 3484 ilz’.

500 3503 560 3558 3.
616 3510 666 3557 4.
706 3504 1116 3571 inquisitionem
1153 3520 1414 3557 armuam.
1470 3503 1535 3556 In
1573 3502 1800 3556 solchen
1835 3503 2140 3557 Prozessen
2174 3519 2292 3556 war
2367 3500 2460 3554 die
2497 3500 2637 3553 Ver-

281 3572 577 3643 handlung
622 3572 709 3627 oft
753 3572 845 3625 ein
881 3572 1019 3626 ,10111-
1054 3572 1191 3643 lang
1236 3573 1680 3643 aufgeschoben‚
1729 3573 1911 3627 damit
1946 3572 2038 3627 die
2075 3572 2367 3642 Ankl‘ager
2403 3570 2495 3624 die
2531 3569 2637 3622 Be-

281 3641 606 3695 weismittel
653 3659 755 3695 aus
803 3642 902 3695 der
936 3642 1171 3696 Provinz
1216 3642 1664 3697 herbeischaffen
1701 3643 1966 3698 kbnnten.
2040 3642 2169 3713 Vgl.
2209 3643 2312 3712 ΚΡ.
2353 3647 2421 3696 52
2452 3656 2636 3709 posce-

286 3714 479 3780 batque
526 3719 735 3779 tempus
779 3713 1174 3767 evocandorum
1218 3714 1448 3767 testium.
1500 3714 1508 3782 Ι
1561 3719 1609 3767 6.
1656 3713 2021 3783 Pomponius,
2074 3713 2153 3766 im
2198 3713 2247 3766 J.
2286 3718 2353 3767 41
2401 3710 2636 3779 Konsul,

282 3782 445 3836 hatte
481 3782 629 3834 nach
665 3781 793 3835 dem
820 3781 975 3835 Tode
1013 3782 1111 3835 des
1149 3781 1408 3852 Caligula
1443 3782 1503 3835 in
1537 3770 2094 3855 Ubereinstimmung
2128 3783 2235 3837 mit
2272 3784 2401 3837 dem
2429 3781 2638 3836 Senate

285 3852 378 3908 die
404 3850 690 3921 Republik
726 3851 1031 3906 herstellen
1057 3852 1261 3906 wollen
1295 3852 1413 3905 und
1446 3869 1565 3905 war
1600 3852 1751 3906 daun
1787 3853 1867 3907 im
1898 3855 1947 3908 J.
1977 3861 2046 3908 42
2087 3872 2155 3908 zu
2183 3853 2452 3908 Camillus
2489 3853 2636 3907 nach

283 3923 608 3978 Dalmatien
635 3938 949 3994 gegangen,
985 3923 1187 3976 dessen
1211 3923 1535 3993 Emporung
1563 3923 1725 3977 rasch
1751 3925 2125 3979 unterdrfickt
2149 3925 2320 3979 ward.
2354 3929 2363 3993 Ι
2398 3931 2445 3978 7.
2484 3910 2642 3977 Uber

284 3995 439 4050 diese
474 3993 630 4048 Julia
665 4011 707 4048 s.
748 4011 816 4046 zu
853 3994 958 4063 ΚΡ.
998 3999 1082 4047 32.
1126 3997 1133 4063 Ι
1176 3999 1225 4047 8.
1263 3994 1343 4047 Po
1382 4009 1526 4063 paea
1562 4010 1680 4047 war
1714 3993 1793 4048 im
1829 3995 1876 4049 J.
1917 4002 1984 4049 47
2024 4013 2132 4050 von
2167 3995 2473 4050 Messalina
2509 4011 2636 4047 zum

285 4065 632 4121 Selbstmord
659 4064 979 4135 getrieben;
1019 4064 1224 4119 ebenso
1251 4064 1342 4117 Va
1365 4063 1527 4120 erius.
1584 4064 1712 4135 Vgl.
1748 4072 1829 4135 11,
1863 4072 2018 4123 1-3.
2053 4069 2062 4135 Ι
2093 4066 2294 4120 Lusius
2327 4082 2445 4120 war
2470 4066 2637 4117 unter

283 4136 540 4191 Tiberius
570 4135 785 4190 Konsul
821 4151 1094 4206 gewesen.
1128 4136 1137 4206 Ι
1171 4142 1219 4189 9.
1258 4135 1462 4205 Lupus,
1499 4138 1665 4190 unter
1691 4135 1949 4190 Tiberius
1977 4136 2290 4190 Prokonsul
2326 4152 2434 4188 von
2462 4134 2639 4185 Kreta

282 4207 399 4260 und
428 4206 752 4276 Cyrenaica,
778 4223 898 4260 war
924 4213 993 4261 42
1022 4206 1251 4260 Konsul.
1286 4208 1294 4276 Ι
1329 4212 1396 4260 10
1442 4208 1670 4277 aymina
1701 4206 1899 4287 ‘ganze
1920 4207 2205 4260 Scharen'.
2243 4204 2406 4258 Nach
2424 4203 2635 4282 Sueton

285 4277 479 4331 Claud.
520 4285 588 4331 29
625 4278 730 4331 hat
766 4276 1052 4346 Claudius,
1087 4276 1256 4331 meist
1294 4276 1487 4331 seinen
1523 4276 1899 4347 Gfinsthngen
1935 4277 2053 4329 und
2090 4277 2191 4330 der
2224 4273 2528 4351 Messahna
2549 4287 2636 4350 ‚zu

284 4346 559 4415 Gefallen‚
598 4354 666 4402 35
696 4347 1004 4403 Senatoren
1039 4348 1154 4402 und
1190 4349 1331 4402 iiber
1366 4353 1471 4402 300
1498 4347 1686 4401 Ritter
1722 4346 2028 4401 verurteilt.
2108 4352 2188 4397 11.
2226 4343 2364 4396 Dass
2403 4339 2635 4394 Smlhus

286 4417 460 4471 allein
497 4418 618 4471 dies
655 4419 1011 4474 verschuldet
1045 4419 1210 4488 habe,
1245 4418 1325 4473 ist
1356 4417 1736 4472 fibertrieben.
1788 4419 1798 4485 1
1851 4422 1932 4470 12.
1971 4416 2036 4469 de
2063 4415 2290 4468 endebat
2329 4412 2412 4464 ‘er
2446 4409 2637 4461 ffihrte
