3075 4800
380 190 471 254 40
734 188 1084 245 CORNELII
1121 188 1362 245 TACITI
1397 189 1494 243 AB
1530 187 1853 244 EXCESSU
1888 188 2040 243 DIVI
2075 187 2392 244 AUGUSTI

386 373 624 436 servos,
696 351 807 417 sed
882 356 1198 416 rectorem
1274 355 1338 416 et
1410 352 1582 416 cives
1655 352 1997 437 cogitaret,
2070 350 2602 435 clementiamque
2667 374 2750 419 ac

387 441 722 523 iustitiam,
761 444 1001 523 quanto
1041 441 1266 525 ignota
1291 439 1601 523 barbarie,
1640 443 1821 504 tanto
1849 439 2120 503 laetiora
2146 443 2520 523 capesseret.
2586 440 2750 506 hinc

387 548 609 592 versus
665 527 745 591 ad
798 527 1047 613 legatos
1104 527 1360 591 extollit
1413 528 1712 591 laudibus
1769 527 2098 591 alumnum
2152 528 2359 612 urbis,
2414 531 2746 611 spectatae

390 616 469 679 ad
515 615 581 679 id
625 616 1002 679 modestiae:
1058 637 1132 681 ac
1178 619 1394 679 tamen
1438 616 1702 680 ferenda
1745 637 1971 702 regum
2017 616 2293 701 ingenia,
2336 637 2546 700 neque
2590 618 2748 680 usui

318 731 368 770 ιο
388 703 642 769 crebras
699 703 1107 767 mutationes,
1199 724 1335 767 rem
1381 701 1741 768 Romanam
1795 704 1923 768 huc
1969 705 2261 768 satietate
2307 703 2550 789 gloriae
2594 726 2752 788 pro-

386 794 632 857 vectam
647 841 665 874 ,
727 794 803 854 ut
865 792 1146 856 externis
1212 814 1467 875 quoque
1532 793 1835 878 gentibus
1901 791 2183 875 quietem
2237 792 2411 856 velit.
2517 792 2743 856 datum

385 880 656 964 posthac
659 877 762 1031 h?
802 878 1043 964 Cassi0,
1085 880 1196 964 qui
1234 880 1457 945 Suriae
1494 884 1808 966 praeerat,
1844 880 2155 945 deducere
2195 880 2493 945 iuvenem
2530 881 2744 964 ripam

387 968 467 1032 ad
510 967 615 1031 Eu
742 967 883 1031 atis.

284 1058 366 1121 12
563 990 664 1120 ΕΞ
707 1059 1093 1139 tempestate
1129 1054 1387 1120 Cassius
1434 1060 1681 1121 ceteros
1725 1057 2177 1140 praeminebat
2220 1057 2453 1140 peritia
2496 1057 2744 1142 legum:

385 1166 535 1208 nam
580 1143 893 1209 militares
939 1148 1109 1208 artes
1153 1166 1268 1227 per
1314 1145 1519 1209 otium
1568 1146 1845 1230 ignotae,
1890 1145 2371 1228 industriosque
2417 1147 2531 1208 aut
2567 1146 2753 1230 igna-

387 1254 503 1297 vos
557 1255 684 1317 pax
739 1232 808 1295 in
863 1253 1066 1315 aequo
1123 1234 1315 1296 tenet.
1408 1254 1481 1298 ac
1527 1237 1743 1297 tamen
1789 1236 2103 1317 quantum
2149 1233 2287 1297 sine
2332 1233 2504 1297 bello
2553 1232 2752 1297 dabar

388 1325 513 1405 tur,
558 1341 856 1385 revocare
900 1321 1187 1404 priscum
1232 1341 1498 1406 morem,
1546 1321 1892 1385 exercitare
1928 1321 2236 1407 legiones,
2282 1343 2435 1386 cura
2470 1322 2746 1404 provisu

344 1436 368 1475 5
388 1409 652 1492 perinde
715 1430 931 1494 agere,
990 1430 1064 1473 ac
1126 1410 1182 1472 si
1243 1409 1453 1474 hostis
1508 1409 1863 1495 ingrueret,
1917 1410 2011 1473 ita
2064 1409 2331 1495 dignum
2385 1410 2749 1474 maioribus

389 1498 523 1561 suis
571 1501 637 1561 et
688 1496 936 1561 familia
982 1495 1204 1561 Cassia
1254 1503 1432 1562 ratus
1476 1519 1592 1581 per
1637 1497 1781 1560 illas
1830 1519 2086 1580 quoque
2132 1502 2358 1583 gentes
2406 1497 2751 1562 celebrata.

390 1587 590 1671 igitur
645 1586 871 1650 excitis
929 1607 1204 1669 quorum
1261 1586 1338 1649 de
1389 1586 1708 1650 sententia
1752 1586 1994 1669 petitus
2039 1607 2182 1670 rex,
2240 1586 2600 1670 positisque
2646 1607 2752 1650 car—

391 1675 542 1738 stris
608 1673 778 1758 apud
831 1672 1141 1760 Zeugma,
1204 1674 1372 1738 unde
1434 1674 1712 1738 maxime
1774 1674 2035 1757 pervius
2102 1674 2337 1758 amnis,
2398 1677 2748 1758 postquam

391 1762 694 1827 inlustres
756 1762 983 1825 Parthi
1053 1784 1292 1845 rexque
1357 1760 1648 1827 Arabum
1712 1760 2006 1827 Acbarus
2080 1762 2449 1846 advenerat,
2522 1767 2755 1827 monet

320 1878 372 1916 ιο
389 1850 822 1933 Meherdaten,
865 1850 1286 1914 barbarorum
1334 1851 1613 1934 impetus
1659 1872 1836 1916 acres
1882 1851 2288 1915 cunctatione
2334 1851 2753 1937 languescere

392 1944 504 2003 aut
566 1939 634 2002 in
700 1938 1035 2022 perfidiam
1090 1939 1353 2004 mutari:
1420 1940 1512 2003 ita
1566 1943 1826 2024 urgeret
1882 1942 2124 2022 coepta.
2228 1939 2401 2022 quod
2455 1942 2749 2022 spretum

391 2027 615 2091 fraude
659 2026 928 2110 Acbari,
982 2029 1094 2110 qui
1139 2028 1434 2091 iuvenem
1481 2028 1780 2113 ignarum
1827 2031 1893 2091 et
1938 2049 2254 2091 summam
2299 2027 2628 2091 fortunam
2676 2027 2752 2090 in

390 2115 550 2179 luxu
603 2119 815 2179 ratum
870 2116 1113 2180 multos
1166 2118 1283 2199 per
1337 2115 1472 2180 dies
1530 2116 1795 2180 attinuit
1841 2116 2010 2200 apud
2057 2115 2366 2199 oppidum
2412 2114 2752 2180 Edessam.

393 2401 441 2449 6.
481 2396 754 2466 cogitaret,
790 2393 915 2449 hier
941 2394 1254 2464 gebraucht
1278 2394 1386 2450 wie
1412 2398 1643 2463 caedem,
1671 2396 2086 2464 accusationem,
2113 2395 2423 2452 dictaturas
2451 2413 2495 2451 c.
2537 2415 2591 2451 u.
2617 2414 2659 2451 s.
2674 2414 2745 2451 w.

396 2466 523 2519 ‘auf
570 2468 742 2520 etwas
798 2465 1020 2520 denken
1064 2465 1165 2535 (im
1211 2466 1382 2520 Sinne
1426 2466 1684 2536 haben’),
1741 2484 1837 2519 um
1882 2481 1942 2520 es
1986 2465 2075 2520 ins
2121 2466 2298 2521 Werk
2347 2484 2414 2520 zu
2471 2469 2678 2521 setzen.
2736 2467 2747 2538 1

395 2542 443 2590 7.
482 2537 686 2617 ignota.
751 2523 906 2590 Uber
941 2536 1053 2590 den
1086 2534 1299 2591 Positiv
1333 2538 1482 2591 nach
1517 2544 1723 2606 quanto
1760 2555 1802 2592 s.
1839 2536 1984 2592 Einl.
2024 2543 2054 2603 ξ
2082 2542 2169 2605 97,
2196 2537 2251 2591 b.
2286 2538 2295 2606 Ι
2329 2540 2376 2591 8.
2417 2539 2493 2592 ad
2530 2539 2593 2592 id
2632 2536 2750 2600 ‘bis

394 2606 612 2676 dahin',
664 2605 772 2661 wie
816 2607 921 2677 Kp.
960 2612 1028 2661 38
1068 2609 1345 2677 prosperis
1390 2609 1467 2663 ad
1508 2607 1572 2662 id
1615 2610 1775 2663 rebus
1817 2610 1959 2676 eius;
2016 2607 2161 2661 auch
2212 2606 2307 2660 bei
2353 2606 2547 2660 Livius
2595 2626 2643 2662 z.
2681 2608 2748 2662 Β.

394 2683 455 2745 3,
494 2684 587 2747 22,
624 2682 656 2730 8
713 2678 789 2732 ad
842 2680 904 2732 id
957 2685 1226 2747 spectator
1269 2695 1510 2750 puyuae.
1594 2677 1800 2733 Caesar
1844 2680 1975 2749 sagt
2025 2677 2193 2731 daffir
2236 2680 2313 2732 ad
2358 2679 2420 2733 id
2463 2678 2688 2747 tempus.
2733 2673 2753 2751 ff

395 2754 480 2803 12.
517 2747 574 2803 C.
614 2747 856 2817 Cassius,
895 2749 1096 2803 dessen
1130 2749 1347 2804 Bruder
1380 2748 1586 2803 Lucius
1622 2766 1732 2804 von
1769 2748 2030 2819 Caligula
2078 2750 2298 2818 getotet
2333 2763 2478 2817 war,
2520 2747 2600 2802 ist
2634 2748 2753 2803 seit

392 2825 461 2873 45
497 2820 800 2889 Proprator
832 2835 945 2873 von
979 2818 1179 2888 Syrien
1213 2819 1331 2873 und
1364 2818 1507 2874 wird
1563 2825 1631 2874 65
1681 2836 1794 2874 von
1837 2819 1988 2874 Nero
2043 2820 2333 2874 verbannt.
2404 2820 2414 2891 Ι
2483 2820 2752 2875 deducere

390 2890 540 2943 nach
587 2891 805 2959 datum,
859 2889 968 2944 wie
1023 2895 1073 2959 6,
1105 2897 1170 2945 12
1227 2893 1459 2960 datoque
1510 2893 1726 2962 ueyotio
1776 2907 1907 2945 vera
1962 2891 2277 2945 discernere.
2348 2890 2356 2961 Ι
2423 2891 2609 2958 ripam
2667 2892 2747 2945 ad

394 2960 720 3029 Euphratis.
792 2959 922 3031 Vgl.
962 2967 1025 3014 11
1040 3004 1054 3029 ,
1086 2967 1116 3015 1
1154 2963 1402 3016 contione
1435 2963 1500 3015 iu
1526 2962 1730 3031 populi
1764 2962 2034 3032 Romani,
2083 2966 2168 3029 11,
2198 2966 2265 3014 28
2304 2962 2615 3016 cubiculum
2643 2977 2756 3029 per

389 3031 666 3100 principis
700 3031 820 3084 und
856 3049 899 3085 s.
937 3031 1084 3086 Einl.
1124 3037 1154 3097 ἓ
1185 3037 1305 3100 116,
1336 3048 1383 3086 e.

575 3136 672 3191 12.
695 3142 742 3192 2.
763 3137 1168 3207 industriosque
1194 3144 1294 3193 aut
1319 3139 1343 3191 i
1377 3148 1549 3194 navos
1578 3136 1899 3207 ‘gleichviel
1927 3137 1999 3191 ob
2030 3133 2308 3191 strebsam
2338 3135 2475 3191 oder
2493 3135 2754 3204 schlaff',

396 3213 496 3263 aut
512 3207 780 3275 fast=et‚
799 3206 907 3261 wie
924 3213 1052 3276 2,47
1073 3210 1271 3277 quique
1357 3210 1528 3263 osteui
1545 3215 1645 3263 aut
1659 3209 1989 3264 Macedones
2003 3208 2266 3279 Hyrcani
2277 3214 2557 3275 vocantur,
2583 3211 2666 3275 15,
2677 3211 2750 3261 47

397 3280 531 3347 quia
548 3279 612 3332 iu
629 3284 782 3333 utero
799 3295 1104 3347 repressum
1121 3285 1221 3334 aut
1238 3281 1342 3334 iter
1358 3280 1520 3333 iuoeta
1556 3280 1761 3334 editum
1777 3281 1865 3347 sit,
1885 3298 1918 3331 v
1960 3278 2141 3333 l.hist.
2156 3284 2286 3346 2,46
2305 3284 2370 3334 ut
2384 3281 2613 3347 flexerat
2631 3280 2752 3332 vul·

396 3356 512 3404 tum
557 3354 657 3403 aut
700 3350 1060 3423 induraverat
1100 3348 1253 3417 Otho,
1290 3350 1494 3405 clamor
1528 3356 1579 3405 et
1619 3351 1873 3419 yemitus‚
1959 3348 2100 3403 uint.
2140 3354 2190 3417 3,
2222 3353 2270 3418 5,
2302 3354 2330 3402 1
2363 3351 2539 3403 omnis
2570 3355 2754 3405 autem

397 3421 575 3475 oratio
615 3425 829 3475 constat
857 3424 956 3474 aut
989 3437 1058 3474 ea:
1093 3421 1166 3475 iis
1201 3437 1338 3490 quae
1373 3421 1762 3490 siquifflcautur
1797 3426 1897 3474 aut
1931 3437 1999 3474 ex
2034 3421 2107 3474 iis
2141 3437 2281 3501 quae
2317 3420 2650 3490 siqnffimnt,
2689 3420 2756 3474 id

399 3497 475 3546 est
510 3491 670 3545 rebus
705 3497 765 3545 et
799 3491 975 3545 verbis
1009 3483 1126 3543 und
1163 3508 1205 3546 s.
1244 3509 1312 3544 zu
1341 3506 1470 3545 ann.
1505 3496 1553 3558 1,
1585 3496 1668 3559 16,
1693 3496 1741 3545 6.
1806 3490 2099 3544 Durchaus
2136 3488 2277 3561 irrig
2314 3490 2405 3543 die
2434 3490 2753 3559 Annahme,

400 3561 484 3614 als
523 3562 594 3615 ob
636 3560 813 3614 durch
861 3559 1147 3615 einfaches
1195 3562 1329 3616 oder
1381 3561 1673 3631 doppeltes
1725 3568 1825 3616 aut
1875 3561 2043 3631 (auch
2078 3560 2142 3614 in
2174 3560 2517 3614 klassischer
2551 3561 2752 3631 Prosa)

398 3650 504 3686 nur
556 3631 800 3702 Begriffe
864 3632 1188 3687 verbunden
1250 3632 1477 3687 werden
1529 3632 1810 3699 konnten,
1867 3631 1959 3685 die
2023 3631 2144 3685 sich
2208 3630 2565 3702 gegenseitig
2622 3647 2752 3684 aus-

400 3702 724 3771 schliessen,
762 3720 804 3758 s.
842 3701 1314 3771 Seyffert-Mffller
1358 3722 1427 3756 zu
1463 3703 1615 3758 Lael.
1646 3709 1733 3772 21,
1764 3708 1829 3757 7¹7
1869 3703 1923 3758 S.
1952 3707 2073 3756 470.
2153 3704 2161 3770 Ι
2247 3708 2297 3755 4.
2337 3690 2490 3755 Uber
2595 3703 2755 3757 ovisu

401 3789 441 3827 s,
482 3791 569 3826 zu·
585 3773 690 3842 Kp.
723 3779 770 3827 6.
805 3775 814 3842 Ι
848 3778 895 3829 6.
934 3774 1099 3829 Nach
1136 3774 1235 3829 der
1268 3791 1399 3845 qens
1437 3773 1631 3829 Cassia
1669 3772 1796 3827 sind
1831 3772 2179 3828 namentlich
2213 3773 2467 3826 mehrere
2591 3775 2750 3827 setze

400 3861 500 3897 aus
536 3842 1061 3912 republikanischer
1088 3844 1212 3899 Zeit
1245 3845 1513 3899 benannt.
1536 3877 1607 3884 —
1624 3844 1787 3899 Nach
1825 3844 1954 3898 dem
1981 3843 2160 3898 Unter
2201 3859 2347 3914 ange
2386 3843 2485 3897 des
2514 3842 2750 3897 Crassus

399 3914 478 3967 im
514 3914 561 3969 J.
593 3920 661 3967 53
698 3916 904 3969 rettete
940 3914 997 3970 C.
1038 3915 1262 3971 Cassius
1301 3917 1513 3986 (spater
1549 3931 1733 3985 gegen
1770 3915 1977 3970 Caesar
2011 3863 2416 3981 verscffiworen)
2464 3913 2573 3968 den
2608 3914 2753 3968 Rest

402 3985 500 4038 des
536 3985 745 4039 Heeres
782 3986 900 4039 und
937 3987 1192 4041 schfitzte
1238 3986 1327 4040 bis
1376 4004 1501 4039 zum
1537 3987 1587 4040 J.
1620 3991 1685 4040 51
1725 3984 1925 4054 Syrien
1979 3999 2164 4055 gegen
2219 3985 2312 4038 die
2357 3983 2604 4038 Einfane
2651 3984 2754 4038 der

401 4055 651 4109 Parther.
699 4058 707 4126 Ι
758 4062 808 4110 8.
846 4056 1118 4128 Zeugma,
1155 4074 1266 4111 von
1302 4056 1568 4111 Seleucus
1603 4055 1839 4111 Nicator
1874 4056 2217 4127 gegrfindet,
2253 4056 2354 4127 lag
2390 4073 2482 4110 am
2516 4055 2750 4109 rechten

400 4125 538 4180 Ufer
574 4125 672 4180 des
708 4126 999 4182 mittleren
1033 4127 1307 4197 Euphrat‚
1345 4129 1599 4196 Apamea
1636 4143 1706 4197 ge
1748 4127 1973 4181 enfiber.
2038 4127 2183 4181 Dort
2217 4127 2431 4180 befand
2468 4125 2589 4179 sich
2624 4125 2753 4179 eine

403 4196 831 4253 Schiffsbrsicke.
881 4198 889 4271 Ι
940 4205 989 4253 9.
1028 4186 1182 4253 Uber
1219 4198 1312 4252 die
1348 4198 1567 4252 Araber
1601 4197 1662 4250 in
1700 4146 1969 4267 gsroene,
2008 4196 2212 4251 estlich
2247 4215 2357 4252 von
2393 4196 2666 4266 Zeugma,
2705 4213 2750 4251 s,

403 4284 471 4320 zu
508 4274 558 4338 6,
588 4273 674 4323 44.
704 4270 726 4391 l
754 4273 837 4323 10.
876 4271 1109 4339 impetus
1148 4269 1272 4323 ‘das
1312 4272 1460 4323 erste
1495 4268 1901 4322 Aufbrausen’.
1936 4271 1944 4337 1
1978 4273 2062 4322 11.
2101 4269 2182 4322 ita
2217 4267 2309 4321 fur
2344 4270 2528 4335 itaque
2567 4267 2651 4320 ‘so
2680 4298 2753 4346 .—

403 4337 594 4407 denn',
633 4357 741 4409 vg.
781 4344 833 4407 4,
866 4345 932 4392 15
970 4357 1023 4393 u.
1055 4356 1104 4394 a.
1140 4342 1149 4408 l
1184 4344 1267 4395 13.
1305 4338 1538 4408 Edessa,
1575 4338 1718 4393 zehn
1754 4338 1963 4392 Meilen
1999 4337 2202 4392 ostlich
2239 4354 2346 4392 von
2376 4337 2639 4407 Zeugma,
2675 4339 2756 4390 ist
