3075 4800
1043 247 1261 302 LIBER
1296 248 1414 304 XII.
1472 248 1625 303 CAP.
1662 254 1891 305 43-46.
2558 251 2639 313 61

280 413 372 476 ad
444 414 774 494 patruum,
847 410 1177 492 multaque
1244 410 1322 477 ab
1388 432 1462 474 eo
1528 410 1831 474 comitate
1897 411 1965 473 in
2028 410 2302 493 speciem
2365 411 2640 475 liberum

282 501 503 564 cultus
569 500 881 583 primores
938 497 1393 562 Armeniorum
1458 499 1537 561 ad
1591 520 1691 563 res
1745 520 1943 563 novas
2000 499 2232 582 inlicit,
2296 500 2522 585 ignaro
2578 505 2642 563 et

286 591 559 653 ornante
607 588 868 671 insuper
911 585 1304 651 Mithridate.

467 675 1034 740 Reconciliationis
1090 675 1297 758 specie
1354 676 1693 758 adsumpta
1745 697 2196 761 regressusque
2244 676 2323 738 ad
2368 680 2635 759 patrem,
2661 674 2748 738 45

283 787 454 849 quae
511 764 732 828 fraude
787 765 1018 828 confici
1073 765 1427 847 potuerint,
1491 768 1794 847 prompta
1845 765 2130 847 nuntiat,
2184 769 2395 829 cetera
2450 764 2643 828 armis

288 854 712 936 exsequenda.
796 853 1057 916 interim
1101 852 1563 917 Pharasmanes
1610 852 1765 916 belli
1811 874 2032 917 causas
2078 854 2417 939 confingit:
2464 874 2646 936 proe-

280 943 479 1011 lianti
554 941 679 1005 sibi
753 940 1053 1004 adversus
1126 962 1344 1027 regem
1418 940 1818 1007 Albanorum
1883 945 1947 1005 et
2011 940 2337 1006 Romanos
2404 942 2644 1005 auxilio

287 1030 549 1095 vocanti
613 1029 878 1093 fratrem
943 1030 1373 1113 adversatum,
1437 1051 1706 1113 eamque
1773 1030 2073 1093 iniuriam
2136 1030 2385 1094 excidio
2440 1031 2643 1113 ipsius
2665 1056 2689 1094 5

287 1120 502 1182 ultum
541 1119 783 1182 iturum
792 1144 810 1204 3
848 1118 1042 1186 simul
1077 1140 1343 1203 magnas
1372 1119 1589 1201 copias
1618 1118 1754 1181 filio
1783 1119 2063 1182 tradidit.
2138 1119 2247 1182 ille
2276 1119 2645 1202 inruptione

284 1207 510 1273 subita
578 1207 876 1275 territum
951 1210 1342 1290 exutumque
1406 1207 1649 1290 campis
1713 1206 2135 1271 Mithridaten
2200 1207 2513 1290 compulit
2577 1207 2647 1270 in

284 1296 626 1360 castellum
675 1293 976 1377 Gorneas,
1021 1298 1237 1359 tutum
1283 1295 1426 1359 loco
1475 1317 1548 1359 ac
1593 1295 1910 1379 praesidio
1957 1296 2258 1379 militum,
2306 1296 2449 1379 quis
2499 1294 2647 1359 Cae-

291 1385 421 1448 lius
465 1383 676 1447 Pollio
731 1384 1118 1466 praefectus,
1173 1383 1462 1447 centurio
1513 1381 1848 1467 Casperius
1902 1388 2210 1467 praeerat.
2300 1383 2468 1448 nihil
2512 1388 2647 1448 tam

295 1473 594 1558 ignarum
631 1472 919 1536 barbaris
958 1490 1147 1555 quam
1187 1471 1704 1536 machinamenta
1748 1476 1812 1536 et
1850 1476 2025 1536 astus
2063 1474 2646 1559 oppugnationum:
2670 1497 2719 1535 ιο

292 1566 362 1625 at
412 1561 600 1624 nobis
656 1583 732 1624 ea
783 1582 931 1643 pars
993 1560 1263 1627 militiae
1319 1561 1598 1624 maxime
1650 1583 1851 1647 gnara
1895 1564 2008 1625 est.
2101 1562 2194 1624 ita
2237 1561 2648 1625 Radamistus

292 1651 538 1713 frustra
600 1650 703 1712 vel
767 1670 913 1712 cum
978 1649 1211 1713 damno
1267 1651 1601 1732 temptatis
1656 1649 2125 1713 munitionibus
2182 1649 2502 1714 obsidium
2558 1650 2651 1714 in-

297 1738 486 1823 cipit3
541 1741 605 1800 et
660 1759 806 1801 cum
861 1738 958 1801 vis
1012 1738 1486 1823 neglegeretur,
1542 1738 1875 1801 avaritiam
1924 1738 2232 1821 praefecti
2279 1742 2650 1821 emereatur,

295 1827 666 1890 obtestante
714 1824 1041 1909 Casperio,
1090 1847 1171 1890 ne
1218 1827 1428 1890 socius
1474 1848 1614 1908 rex,
1658 1849 1740 1891 ne
1786 1825 2094 1890 Armenia
2138 1827 2378 1890 donum
2423 1826 2650 1909 populi

294 1915 575 1979 Romani
620 1915 854 1978 scelere
901 1919 965 1978 et
1011 1916 1284 1997 pecunia
1327 1914 1790 1979 amitterentur.
1874 1918 2201 1998 postremo
2249 1917 2401 1997 quia
2436 1915 2652 1978 multi·
2672 1940 2721 1978 15

295 2004 588 2067 tudinem
642 2002 928 2067 hostium
974 2003 1213 2087 Pollio,
1268 2005 1442 2067 iussa
1488 2004 1691 2086 patris
1737 2003 2148 2067 Radamistus
2197 2003 2647 2087 obtendebant,

291 2095 522 2175 pactus
576 2091 858 2155 indutias
916 2092 1225 2175 abscedit,
1289 2096 1387 2175 ut,
1453 2093 1581 2155 nisi
1633 2091 2131 2156 Pharasmanem
2185 2092 2357 2155 bello
2412 2092 2650 2156 abster-

296 2181 559 2263 ruisset,
614 2178 1017 2244 Ummidium
1065 2179 1459 2256 Quadratum
1513 2180 1870 2263 praesidem
1920 2179 2142 2244 Suriae
2190 2180 2472 2263 doceret,
2520 2202 2649 2264 quo

297 2269 369 2333 in
416 2272 589 2333 statu
636 2267 942 2332 Armenia
984 2269 1169 2333 foret.

473 2356 784 2444 Digressu
820 2357 1211 2423 centurionis
1247 2358 1425 2421 velut
1461 2358 1725 2422 custode
1763 2357 2093 2422 exsolutus
2120 2357 2479 2441 praefectus
2507 2356 2653 2422 hor·
2671 2356 2756 2420 46

301 2447 428 2511 tari
472 2446 895 2510 Mithridaten
942 2447 1021 2510 ad
1067 2447 1476 2511 sanciendum
1521 2447 1767 2532 foedus,
1812 2447 2331 2512 coniunctionem
2376 2446 2650 2510 fratrum

297 2654 407 2692 von
431 2637 841 2692 Pharasmanes
876 2640 1265 2692 unterstfitzen
1302 2639 1504 2693 lassen.
1572 2638 1698 2708 Vgl.
1730 2645 1781 2706 6,
1810 2644 1895 2693 33.
1931 2642 1938 2708 Ι
1975 2644 2040 2692 17
2047 2683 2056 2693 .
2094 2640 2159 2692 in
2193 2640 2418 2707 speciem
2456 2638 2651 2692 deutet

297 2707 458 2762 nicht
494 2708 599 2762 auf
619 2708 943 2763 Heuchelei.
1009 2710 1122 2763 Der
1151 2709 1348 2764 Oheim
1385 2709 1530 2763 hielt
1568 2710 1677 2764 den
1705 2710 1759 2763 Ν
1762 2709 1906 2763 effen
1940 2725 2088 2778 ganz
2122 2709 2228 2763 wie
2258 2708 2451 2763 seinen
2480 2708 2648 2766 Sohn.

477 2777 575 2834 45.
615 2785 665 2833 4.
705 2779 810 2833 Die
848 2779 1098 2833 Albaner
1135 2779 1263 2834 sind
1300 2779 1392 2834 die
1429 2778 1709 2834 &stlichen
1745 2780 2086 2834 Nachbaren
2123 2780 2222 2833 der
2259 2780 2519 2847 Hiberer‚
2558 2797 2651 2833 am

297 2849 595 2904 sfidlichen
638 2850 962 2919 Kaukasus,
1019 2851 1129 2904 seit
1178 2851 1307 2905 dem
1353 2850 1588 2905 zweiten
1633 2851 2017 2905 Jahrhundert
2053 2869 2102 2904 v.
2135 2849 2258 2904 Chr.
2311 2850 2403 2904 ein
2439 2850 2649 2919 Konig-

300 2920 458 2975 reich
491 2920 745 2975 bildend.
797 2923 804 2990 1
865 2927 913 2975 6.
952 2923 1130 2977 ultum
1165 2924 1263 2989 ire,
1301 2940 1341 2975 s.
1372 2929 1424 2989 4,
1456 2927 1542 2989 73,
1575 2928 1656 2977 19,
1718 2923 1725 2990 Ι
1787 2927 1834 2976 7.
1873 2922 2095 2990 campis,
2169 2921 2304 2975 Man
2340 2925 2490 2974 ware
2526 2937 2649 2974 ver-

294 2991 482 3060 sucht,
512 2991 680 3045 dafflr
713 2993 908 3047 casms
945 3009 1012 3044 zu
1051 2992 1361 3060 schreiben,
1389 3008 1554 3047 wenn
1582 2992 1814 3046 Tacitus
1850 2991 2011 3046 nicht
2048 2992 2189 3046 auch
2229 2995 2419 3061 sagte:
2454 2993 2653 3046 hostem

299 3063 519 3132 sedibus
554 3079 747 3117 exuere
786 3068 870 3130 13,
901 3069 985 3118 39.
1055 3063 1063 3134 Ι
1131 3069 1179 3117 8.
1220 3065 1481 3131 militum,
1537 3062 1788 3116 n'amlich
1843 3063 2064 3117 Romer.
2138 3063 2219 3115 Im
2257 3063 2305 3117 J.
2337 3069 2405 3117 47
2453 3062 2654 3117 hatten

300 3132 578 3188 r6mische
598 3133 882 3203 Truppen,
911 3134 990 3187 im
1021 3135 1214 3188 Bunde
1242 3134 1347 3188 mit
1374 3133 1756 3201 Mithridates,
1786 3133 1879 3188 die
1909 3133 2296 3203 Bergkastelle
2323 3133 2653 3187 Armeniens

298 3205 534 3258 besetzt.
604 3206 611 3273 Ι
682 3209 730 3257 9.
772 3203 1066 3273 Casperius
1117 3204 1259 3258 wird
1304 3205 1450 3259 noch
1495 3204 1576 3258 im
1611 3205 1659 3259 J.
1692 3211 1759 3258 62
1800 3205 1884 3259 als
1922 3204 2185 3259 Centurio
2222 3204 2302 3258 im
2338 3205 2518 3258 Heere
2555 3205 2654 3258 des
2739 3271 2744 3277 ,

298 3274 542 3329 Corbulo
581 3275 850 3330 erw‘ahnt.
928 3281 1012 3343 15,
1043 3281 1091 3330 5.
1127 3277 1135 3349 Ι
1171 3282 1253 3331 11.
1292 3283 1354 3330 at
1387 3277 1545 3331 ‘nobis
1582 3279 1679 3331 ctt.
1755 3275 1949 3330 Dieser
1987 3276 2214 3343 Zusatz,
2252 3275 2362 3329 den
2397 3292 2532 3329 man
2569 3275 2653 3329 als

300 3345 556 3399 Glossem
590 3345 952 3415 verdachtigt
987 3346 1106 3413 hat,
1145 3345 1254 3401 soll
1291 3346 1384 3401 die
1413 3346 1701 3401 Situation
1739 3346 1988 3401 scharfer
2024 3346 2380 3400 bezeichnen.
2436 3345 2654 3403 Gerade

299 3415 431 3469 weil
481 3415 758 3469 romische
795 3416 1058 3486 Truppen
1111 3417 1219 3470 mit
1270 3418 1370 3470 der
1405 3417 1661 3471 Technik
1711 3418 1866 3471 einer
1901 3417 2283 3487 Belagerung,
2335 3417 2455 3471 also
2509 3418 2656 3471 auch

298 3486 407 3541 mit
444 3487 554 3540 den
590 3486 1259 3569 Verteidigungsmitteln
1296 3506 1357 3542 so
1396 3490 1650 3542 vertraut
1684 3505 1901 3555 waren,
1937 3489 2190 3585 kpnnten
2227 3488 2319 3569 die
2356 3487 2657 3556 Belagerer

296 3558 1418 3697 tts?.'3⁶.¹‡²{⁶ngfimt¹zznssttffi.l
1453 3558 2657 3699 gtissfissffiffssgssgffsszsssstssff2:333

186 3716 191 3720 ’
298 3698 488 3754 nichts
528 3716 596 3752 zu
634 3699 896 3754 ffirchten
932 3700 1108 3755 hatte.
1142 3703 1149 3770 1
1187 3706 1268 3754 15.
1306 3702 1497 3755 scelere
1534 3708 1585 3754 et
1611 3702 1856 3769 pecwnia
1892 3701 2269 3755 amitterentur
2308 3699 2506 3752 ‘durch
2535 3716 2656 3753 ver-

300 3769 693 3824 brecherische
731 3770 1110 3840 (frevelhafte)
1148 3770 1416 3841 Geldgier
1461 3774 1525 3840 (s.
1565 3789 1633 3824 zu
1672 3777 1721 3838 1,
1751 3776 1801 3838 8,
1830 3773 1883 3840 6)
1931 3770 2212 3840 geopfert,
2249 3769 2657 3851 preisgegeben

298 3840 557 3896 wfirden’
613 3840 984 3911 freiwillig
1017 3842 1291 3909 namlich3
1350 3859 1410 3896 so
1467 3844 1713 3897 amittere
1764 3841 1959 3911 haufig
2004 3841 2176 3895 sehon
2211 3840 2273 3894 in
2316 3840 2660 3895 klass1scher

300 3910 599 3968 Latinitat.
667 3912 825 3966 Statt
868 3911 1043 3968 vieler
1086 3912 1393 3983 Beispiele:
1441 3912 1552 3967 Cic.
1591 3930 1692 3981 pro
1732 3911 1921 3966 Caelio
1947 3917 2055 3980 27,
2085 3917 2155 3964 64
2190 3913 2285 3967 isti
2320 3919 2399 3967 tot
2431 3913 2543 3967 viri
2574 3956 2583 3965 .

302 3998 404 4037 ewr
438 3982 729 4037 Licinium
765 3984 833 4038 de
868 3984 1124 4038 manibus
1160 3985 1483 4050 amiserunt,
1524 3983 1598 4037 ad
1635 3983 1768 4037 fam.
1801 3988 1885 4050 15,
1918 3989 1966 4050 1,
1996 3987 2027 4035 5
2083 3989 2147 4037 ut
2199 3984 2314 4036 ‘nisi
2367 3984 2659 4037 exereitum

302 4059 518 4108 matwre
555 4055 619 4108 in
653 4055 754 4108 has
782 4055 1103 4123 provincias
1137 4056 1417 4123 miseritis,
1455 4072 1724 4109 summum
1754 4055 2065 4123 periculum
2100 4055 2190 4120 sit,
2224 4071 2294 4107 ne
2330 4055 2659 4108 amittendae

301 4124 418 4177 sint
453 4141 632 4180 omnes
669 4141 762 4179 eae
805 4127 1149 4194 provmciae,
1203 4143 1243 4179 s.
1282 4125 1487 4179 Mffller
1524 4143 1593 4178 zu
1633 4125 1702 4178 de
1740 4124 1834 4179 off.
1864 4131 1915 4191 3,
1945 4131 2031 4192 20,
2061 4129 2128 4178 82
2167 4123 2220 4178 S.
2254 4129 2354 4177 177
2392 4124 2511 4176 und
2545 4123 2656 4191 vgl.

300 4194 411 4263 ΚΡ.
439 4200 529 4263 46,
560 4201 625 4249 16
663 4196 782 4248 und
822 4202 907 4264 13,
935 4201 1004 4249 46
1058 4203 1290 4265 nuptam
1344 4214 1451 4251 esse
1503 4213 1559 4251 se
1603 4196 1866 4251 dictitans
1908 4212 2006 4249 ‘nec
2044 4211 2200 4263 posse
2249 4195 2658 4249 matrimonium

303 4265 566 4320 amittere.
601 4268 608 4335 Ι
645 4272 727 4320 18.
769 4265 1109 4334 Quadratus,
1166 4273 1232 4320 14
1268 4286 1322 4321 n.
1354 4266 1478 4322 Chr.
1518 4265 1787 4334 Quastor,
1843 4271 1911 4319 37
1949 4267 2130 4336 Legat
2166 4281 2275 4318 von
2307 4262 2658 4331 Lusitanien,

305 4335 458 4392 daun
493 4336 726 4405 Konsul,
765 4337 921 4390 starb
963 4336 1046 4390 als
1082 4337 1263 4406 Legat
1297 4355 1410 4392 von
1447 4337 1646 4406 Syrien
1683 4337 1763 4390 im
1798 4337 1846 4391 J.
1879 4342 1962 4391 60.

484 4404 583 4462 46.
623 4414 672 4462 2.
720 4409 1155 4464 coniunctionem
1199 4410 1441 4477 fratrum
1499 4407 1623 4486 ‘das
1669 4405 2295 4462 verwandtschaftliche
2331 4404 2659 4459 Verbaltnis
