3075 4800
1003 287 1222 341 LIBER
1255 286 1400 341 xiv.
1459 286 1611 341 CAP.
1652 291 1878 340 21—23.
2093 257 2098 263 ’
2532 288 2616 352 21

264 452 452 516 avida
516 454 581 515 et
643 451 1021 534 plerumque
1084 448 1285 513 fallax
1348 447 1619 511 ambitio
1685 452 1800 512 est.
1898 469 2054 534 ergo
2123 451 2455 532 permotus
2517 449 2622 512 his

262 539 440 605 Nero
504 539 837 623 componit
899 538 980 601 ad
1036 536 1342 601 Plautum
1405 536 1684 621 litteras,
1752 537 2114 601 consuleret
2178 537 2381 620 quieti
2442 537 2624 601 urbis

265 649 459 713 seque
505 649 705 711 prava
750 626 1231 690 diffamantibus
1279 624 1711 690 subtraheret:
1758 647 1897 689 esse
1934 624 2033 689 illi
2069 646 2187 709 per
2222 624 2449 689 Asiam
2491 626 2620 690 avi·
2649 650 2700 691 15

264 720 367 780 tos
414 736 634 801 agros,
688 715 758 778 in
805 714 1039 798 quibus
1094 718 1238 777 tuta
1294 718 1359 778 et
1414 713 1745 778 inturbida
1793 715 2055 778 iuventa
2098 714 2436 778 frueretur.
2529 715 2622 778 ita
2702 743 2709 749 ·

264 805 420 868 111116
466 824 612 867 611111
660 803 932 888 coniuge
976 801 1267 867 Antistia
1313 806 1379 866 et
1423 802 1649 885 paucis
1694 802 2113 867 familiarium
2160 803 2493 868 concessit.

439 888 655 955 Isdem
702 891 927 956 diebus
970 890 1175 955 nimia
1218 890 1408 955 luxus
1464 891 1699 975 cupido
1759 891 2094 955 infamiam
2152 896 2216 956 et
2266 892 2624 976 periculum

261 978 510 1044 Neroni
565 979 759 1064 tulit,
813 979 964 1062 quia
1020 980 1268 1044 fontem
1327 1001 1528 1063 aquae
1582 979 1860 1044 Marciae
1916 981 1997 1044 ad
2042 980 2267 1045 urbem
2319 982 2624 1046 deductae

262 1068 475 1132 nando
539 1068 913 1153 incesserat3
976 1068 1440 1152 videbaturque
1506 1072 1700 1153 potus
1765 1089 1980 1133 sacros
2044 1073 2112 1133 et
2174 1069 2622 1134 caerimoniam
2652 1094 2704 1133 20

263 1157 391 1221 loci
457 1178 723 1241 corpore
785 1157 923 1222 loto
984 1157 1308 1241 polluisse.
1401 1161 1744 1241 secutaque
1808 1178 2039 1242 anceps
2102 1156 2404 1222 valetudo
2460 1159 2623 1222 iram

266 1246 458 1309 deum
506 1246 886 1310 adfirmavit.

443 1332 537 1398 At
585 1333 866 1399 Corbulo
912 1338 1064 1419 post
1110 1333 1319 1398 deleta
1362 1332 1678 1398 Artaxata
1731 1335 2045 1398 utendum
2089 1336 2331 1398 recenti
2374 1339 2619 1400 terrore
2640 1335 2725 1398 23

264 1425 443 1486 ratus
481 1422 562 1485 ad
601 1424 967 1507 occupanda
994 1422 1472 1509 Tigranocerta,
1511 1422 1746 1506 quibus
1787 1422 2016 1488 excisis
2052 1426 2297 1487 metum
2333 1423 2620 1488 hostium

264 1511 628 1575 intenderet
672 1512 806 1596 vel,
862 1512 918 1575 si
961 1511 1385 1596 pepercisset,
1440 1511 1816 1576 clementiae
1861 1512 2101 1575 famam
2147 1512 2623 1596 adipisceretur,

263 1599 419 1662 111116
472 1599 715 1684 pergit,
776 1621 909 1664 non
973 1600 1227 1664 infenso
1293 1600 1608 1685 exercitu,
1670 1621 1752 1663 ne
1806 1621 1987 1684 spem
2045 1600 2271 1664 veniae
2326 1600 2624 1683 auferret,

264 1708 471 1770 neque
519 1690 736 1752 tamen
781 1688 1048 1753 remissa
1092 1710 1246 1754 cura
1257 1740 1275 1773 ,
1332 1710 1572 1774 gnarus
1625 1688 1879 1753 facilem
1926 1693 2180 1753 mutatu
2234 1692 2494 1775 gentem
2547 1693 2623 1752 ut
2678 1713 2702 1753 5

266 1795 529 1860 segnem
583 1776 664 1839 ad
720 1776 1033 1861 pericula,
1086 1778 1182 1841 ita
1235 1777 1500 1842 infidam
1559 1778 1639 1841 ad
1694 1777 2076 1842 occasiones
2166 1777 2450 1862 barbari,
2503 1799 2622 1861 pro

264 1863 526 1950 ingenio
574 1864 873 1950 quisque,
929 1865 1041 1930 alii
1086 1887 1306 1949 preces
1353 1866 1610 1950 offerre,
1666 1863 1928 1949 quidam
1985 1867 2272 1930 deserere
2324 1865 2500 1930 vicos
2558 1870 2623 1929 et

263 1952 334 2016 in
379 1953 524 2017 avia
568 1953 845 2040 digredi3
901 1976 976 2019 ac
1029 1954 1207 2019 fuere
1263 1955 1377 2039 qui
1424 1977 1491 2019 se
1536 1955 1858 2038 speluncis
1914 1957 1978 2018 et
2024 1954 2354 2019 carissima
2403 1975 2622 2019 secum

263 2040 585 2105 abderent.
677 2042 881 2128 igitur
936 2044 1067 2107 dux
1125 2042 1455 2108 Romanus
1511 2042 1784 2107 diversis
1839 2043 2087 2107 artibus
2141 2063 2318 2121 usus,
2378 2042 2623 2106 miseri-

263 2128 483 2193 cordia
528 2131 863 2195 adversum
904 2131 1246 2216 suppliceS,
1295 2132 1621 2196 celeritate
1659 2132 1962 2197 adversus
1996 2131 2327 2218 profugoS,
2373 2131 2620 2196 inmitis
2649 2156 2701 2195 10

261 2217 372 2301 iis,
430 2218 543 2301 qui
596 2219 875 2283 latebras
924 2220 1316 2305 insederant,
1374 2242 1487 2285 ora
1543 2224 1609 2284 et
1662 2220 1874 2284 exitus
1923 2240 2229 2303 specuum
2277 2221 2618 2284 sarmentis

262 2306 696 2391 virgultisque
734 2308 1090 2392 completos
1126 2309 1266 2395 igni
1302 2309 1530 2373 exurit.
1606 2312 1799 2392 atque
1837 2308 2025 2372 illum
2060 2309 2220 2372 fines
2257 2330 2408 2372 suos
2444 2331 2622 2392 prae-

449 2467 531 2518 15.
572 2464 865 2531 diffamare
900 2465 1007 2518 mit
1043 2464 1328 2520 verbalem
1354 2465 1669 2520 Assusativ.
1728 2464 1897 2519 Sonst
1930 2465 2035 2519 hat
2070 2481 2129 2519 66
2167 2464 2260 2519 6111
2294 2465 2620 2520 transitives

264 2531 477 2601 Objekt
516 2534 614 2588 der
639 2535 868 2604 Person,
903 2535 1011 2590 wie
1046 2541 1130 2603 15,
1158 2541 1244 2589 49.
1303 2534 1501 2589 Zuerst
1536 2535 1632 2591 bei
1662 2535 1821 2590 Ovid.
1852 2538 1984 2590 met.
2014 2541 2065 2603 4,
2096 2541 2197 2590 236
2235 2538 2427 2607 vulgat
2462 2539 2620 2593 adul-

260 2605 457 2658 teriwm
493 2605 944 2674 diffamatmnqae
1076 2608 1192 2661 enti
1226 2607 1453 2661 indicat.
1498 2607 1506 2679 Ι
1556 2612 1639 2660 17.
1680 2605 1935 2660 Antistia
1960 2605 2213 2675 Pollitta,
2251 2607 2494 2662 Tochter
2523 2608 2621 2663 des

259 2673 611 2728 Konsularen
629 2674 911 2729 Antistius
983 2678 1126 2745 etus,
1154 2676 1366 2731 wahlte
1392 2676 1473 2730 im
1498 2678 1547 2732 J.
1582 2682 1650 2732 65
1677 2678 1847 2731 nebst
1871 2677 2052 2732 ihrem
2068 2677 2244 2731 Vater
2273 2678 2382 2732 den
2408 2678 2620 2733 86111611-

260 2745 438 2815 mord,
474 2763 570 2797 um
607 2745 707 2798 der
734 2745 1138 2817 Verurteilung
1172 2765 1241 2800 zu
1279 2749 1560 2818 entgehen
1596 2750 1704 2819 (16,
1737 2754 1804 2802 10
1838 2748 1957 2801 111111
1986 2751 2091 2818 11),
2130 2749 2408 2803 nachdem
2446 2750 2620 2804 6611611

263 2814 344 2867 1111
381 2814 429 2870 J.
468 2821 534 2869 62
572 2815 869 2870 Rubellius
908 2817 1012 2870 auf
1042 2817 1220 2902 Neros
1257 2818 1458 2900 Befehl
1495 2819 1777 2873 ermordet
1811 2836 1944 2901 war.
1996 2819 2036 2891 Ι’
2066 2825 2149 2873 19.
2179 2821 2326 2900 ‘qaia
2364 2819 2617 2885 ‘indem’,

261 2888 750 3012 {esssstj'ssesszssiufss
789 2888 1606 3030 affg'fflgffiaffi‘ssss’er‘iffissussg?
1625 2888 1717 3014 ἐξ
1736 2889 1996 3015 {3⁰32
2016 2890 2264 3030 ¹3²2}ss
2288 2891 2624 3015 &011431333

260 3026 432 3102 kam.-
464 3030 472 3096 Ι
523 3033 607 3110 20.
646 3045 845 3084 saeros.
912 3029 987 3083 Es
1025 3029 1165 3083 wird
1204 3029 1296 3083 ein
1323 3030 1642 3101 Heiligtum
1670 3033 1909 3113 (farum)
1946 3032 2130 3086 neben
2163 3032 2262 3085 der
2289 3030 2484 3113 Quelle
2523 3049 2617 3102 ge-

259 3101 2618 3249 3333¹zni1⁶¹3212¹03ziffffissgmiuffffitfflffssffissff32223233313‘522201332‘}

261 3254 416 3297 seme
454 3240 844 3296 Lebensweise
880 3260 947 3294 zu
984 3243 1216 3298 andern.

441 3309 539 3366 28.
599 3318 646 3366 1.
684 3314 961 3367 Artaxata
986 3330 1106 3367 war
1132 3313 1213 3367 im
1237 3315 1287 3368 J.
1318 3319 1388 3368 58
1414 3316 1654 3369 zerstort
1678 3316 1921 3369 worden.
2013 3316 2230 3382 recenti,
2255 3315 2363 3370 wie
2382 3318 2515 3386 Agr.
2546 3322 2614 3371 36

258 3388 517 3436 recentem
551 3389 821 3439 terrorem.
882 3387 891 3453 Ι
952 3390 1000 3438 2.
1050 3384 1452 3455 Tigranocerta
1487 3384 1586 3455 lag
1632 3385 1953 3440 sfidwestlic
2040 3386 2224 3440 davon
2269 3387 2480 3441 unweit
2518 3388 2618 3442 des

259 3450 461 3522 Tigris.
514 3453 523 3525 Ι
575 3455 776 3523 quibus
803 3481 870 3501 =
897 3463 963 3511 ut
997 3457 1088 3522 iic,
1126 3472 1187 3509 so
1225 3456 1350 3509 dass
1388 3474 1459 3509 zu
1495 3457 1578 3511 vel
1605 3489 1673 3496 —
1703 3458 2097 3526 adipisceretwr
2129 3474 2237 3510 nur
2261 3464 2325 3513 ut
2350 3459 2567 3528 gehort.
2602 3459 2610 3531 Ι

263 3526 312 3575 5.
349 3523 541 3589 facilis
574 3531 791 3580 mutatu
825 3524 933 3580 wie
971 3526 1101 3580 hist.
1143 3532 1193 3595 2,
1224 3532 1307 3581 63.
1360 3527 1368 3599 Ι
1416 3528 1637 3594 facilem
1666 3560 1731 3567 —
1758 3535 1966 3598 yentem
2001 3526 2080 3581 ist
2115 3527 2356 3596 Subjekt
2394 3529 2491 3583 des
2526 3529 2615 3583 In-

261 3592 653 3665 finitivsatzes,
700 3612 858 3649 wozu
907 3596 998 3650 die
1036 3596 1342 3651 Pradikate
1379 3615 1590 3669 seynem
1625 3599 1743 3651 und
1778 3599 2013 3665 infidam
2048 3601 2144 3668 (66.
2183 3603 2327 3667 esse).
2389 3601 2397 3669 Ι
2457 3605 2504 3654 6.
2552 3606 2616 3655 ut

259 3679 475 3733 seynem
502 3667 578 3719 ad
597 3666 864 3735 pericula,
898 3669 983 3723 ita
1009 3669 1243 3735 infidam
1271 3670 1347 3723 ad
1374 3671 1678 3723 occasiones
1709 3667 2012 3723 ‘thatenlos
2043 3669 2142 3722 der
2170 3668 2382 3723 Gefahr
2407 3686 2615 3750 363611-

256 3733 399 3787 fiber
414 3778 428 3804 ,
474 3735 609 3789 aber
643 3737 856 3792 treulos
893 3737 987 3792 bei
1024 3739 1144 3792 sich
1182 3738 1579 3794 darbietender
1616 3738 1752 3794 Gele
1794 3740 2026 3794 enheit'.
2101 3741 2197 3795 Ad
2235 3740 2317 3794 ‘in
2351 3740 2617 3795 Hmsicht

256 3804 388 3874 auf,
427 3822 593 3860 wenn
629 3823 688 3861 es
725 3808 1017 3863 ankommt
1053 3809 1179 3862 auf’
1222 3810 1526 3864 besonders
1563 3810 1658 3864 bei
1694 3810 1744 3864 A
1780 3810 1823 3881 j.
1863 3811 2058 3881 haufig
2094 3814 2175 3880 (1,
2203 3816 2274 3865 40
2311 3814 2614 3883 deyenere‘m

255 3875 332 3928 ad
358 3878 632 3945 pericula,
669 3884 720 3947 6,
748 3885 780 3933 8
819 3880 895 3934 ad
934 3880 1187 3935 Gaesao-is
1223 3882 1524 3936 amicitiam
1558 3883 1798 3949 validus,
1833 3881 1964 3936 hist.
1996 3889 2046 3950 3,
2075 3887 2143 3935 33
2178 3883 2311 3937 viles
2346 3883 2422 3937 ad
2448 3900 2612 3952 prae-

254 3947 384 4001 dam
412 3965 464 4000 u.
489 3964 528 4002 s.
551 3951 659 4019 w.),
698 3950 979 4004 durchaus
1008 3949 1301 4020 klassisch,
1340 3969 1381 4006 s.
1410 3951 2037 4022 Naegelsbach-Mfifler
2065 3952 2219 4008 Stil.⁸
2243 3971 2297 4023 p.
2317 3958 2421 4007 485
2450 3970 2502 4006 u.
2525 3953 2564 4008 f.

256 4021 304 4069 7.
337 4034 524 4085 preces
558 4021 751 4087 offerre
790 4021 1011 4075 starker
1040 4021 1400 4092 (demutiger)
1439 4022 1524 4075 als
1553 4040 1741 4092 preces
1775 4025 1971 4091 afferre
2000 4028 2085 4092 15,
2116 4029 2201 4093 25,
2237 4023 2368 4078 hist.
2400 4030 2449 4094 3,
2479 4029 2564 4078 38.

253 4091 302 4140 8.
341 4090 630 4145 carissima
670 4091 795 4145 ‘das
831 4092 1241 4160 Wertvollste'‚
1287 4092 1398 4163 vgl.
1435 4093 1568 4146 hist.
1607 4099 1666 4163 4,
1708 4100 1774 4148 62
1823 4096 1929 4149 alii
1971 4095 2132 4149 nulla
2167 4095 2441 4150 dedecoris
2475 4112 2612 4150 ewra

245 4161 541 4226 pemmiam
595 4169 695 4217 aat
740 4164 1028 4218 carissima
1073 4164 1285 4218 sibimet
1331 4165 1445 4233 ipsi
1488 4166 1851 4234 circumdare,
1896 4164 2063 4220 Caes.
2107 4165 2169 4219 B.
2210 4164 2274 4220 G.
2327 4170 2384 4233 5,
2433 4171 2528 4234 33,
2577 4170 2608 4218 6

251 4246 492 4301 quaeque
546 4234 772 4303 quisque
819 4251 1005 4289 eorum
1048 4235 1336 4289 carissima
1381 4235 1615 4303 haberet,
1669 4236 1739 4290 ab
1784 4237 2182 4304 impedimentis
2223 4243 2403 4305 petere
2451 4242 2611 4305 atque

251 4303 513 4371 arripere,
548 4302 665 4358 Liv.
706 4310 773 4357 21
787 4348 802 4373 ,
846 4310 941 4374 60,
982 4312 1013 4359 9
1066 4305 1317 4359 omnibus
1358 4306 1473 4372 fere
1521 4308 1669 4361 caris
1712 4307 1871 4361 rebus
1913 4308 2131 4362 relietia
2192 4310 2201 4376 Ι
2263 4312 2344 4361 10.
2400 4307 2611 4361 inmitis

250 4370 340 4438 iic,
379 4390 420 4426 s.
460 4390 529 4425 zu
570 4380 654 4443 12,
683 4380 770 4443 20,
802 4380 848 4430 1.
900 4376 909 4445 Ι
962 4381 1045 4430 12.
1076 4375 1373 4446 praeyredi
1409 4378 1553 4430 statt
1580 4377 1967 4447 praeteryredi.
2036 4376 2108 4432 So
2144 4376 2441 4431 verbindet
2476 4376 2606 4432 Tac.

243 4458 384 4509 prae
420 4445 564 4498 statt
591 4452 816 4514 praeter
849 4445 958 4501 mit
991 4447 1151 4515 ferre,
1187 4447 1467 4514 festinare,
1501 4449 1686 4517 fluere,
1724 4449 1853 4517 labi,
1889 4449 2024 4503 vehi.
