3075 4800
466 267 594 332 100
810 261 1153 320 CORNELII
1188 260 1431 315 TACITI
1463 260 1562 314 AB
1599 258 1921 316 EXOESSU
1957 258 2112 313 DIVI
2147 259 2464 315 AUGUSTI

361 429 446 494 69
643 424 856 512 Igitur
902 444 1033 488 non
1067 421 1353 506 crimine,
1396 442 1531 488 non
1565 426 1935 488 accusatore
1971 421 2306 506 existente,
2350 422 2505 505 quia
2539 421 2853 506 speciem

469 515 699 581 iudicis
754 512 1017 578 induere
1078 532 1211 576 non
1274 513 1558 595 poterat,
1620 511 1702 575 ad
1755 510 1889 575 vim
1952 509 2410 576 dominationis
2474 531 2851 575 conversus

470 602 878 669 Gerellanum
933 599 1267 666 tribunum
1321 621 1469 665 cum
1524 599 1788 664 cohorte
1843 598 2126 664 militum
2183 598 2460 663 inmittit
2514 598 2849 683 iubetque

467 690 838 776 praevenire
888 692 1155 754 conatus
1202 687 1505 772 consulis,
1557 708 1869 772 occupare
1911 687 2092 752 velut
2137 708 2349 752 arcem
2395 687 2562 771 eius,
2609 688 2849 771 oppri-

415 808 440 847 ο
468 801 642 845 mere
678 779 991 844 delectam
1028 777 1446 861 iuventutem,
1492 776 1646 859 quia
1681 775 1992 841 Vestinus
2027 775 2416 841 inminentes
2451 776 2598 841 foro
2638 776 2848 840 aedes

470 870 824 953 decoraque
873 866 1135 932 servitia
1180 869 1246 931 et
1280 865 1422 949 pari
1460 868 1670 930 aetate
1712 863 2008 930 habebat.
2083 868 2314 930 cuncta
2347 886 2425 928 eo
2464 864 2568 929 die
2605 865 2850 929 munia

470 957 752 1023 consulis
798 955 1178 1040 impleverat
1223 953 1718 1036 conviviumque
1764 952 2145 1036 celebrabat,
2191 952 2359 1017 nihil
2405 956 2703 1018 metuens
2753 975 2850 1017 an

471 1044 932 1114 dissimulando
979 1045 1176 1125 metU,
1221 1062 1369 1107 cum
1414 1042 1691 1127 ingressi
1737 1042 1977 1107 milites
2023 1041 2241 1106 vocari
2284 1063 2431 1106 eum
2479 1064 2517 1106 a
2561 1042 2845 1106 tribuno

472 1135 704 1200 dixere.
795 1132 907 1197 ille
950 1129 1117 1196 nihil
1171 1130 1539 1196 demoratus
1587 1130 1903 1217 exsurgit,
1957 1134 2023 1195 et
2078 1130 2295 1195 omnia
2348 1130 2543 1194 simul
2598 1152 2846 1215 prope-

393 1249 447 1289 ιο
472 1226 721 1288 rantur:
776 1220 1099 1286 clauditur
1152 1218 1476 1302 cubiculo,
1528 1223 1787 1303 praesto
1839 1222 1939 1283 est
1992 1218 2305 1303 medicus,
2360 1219 2846 1284 abscinduntur

475 1333 699 1395 venae,
761 1309 990 1394 vigens
1055 1306 1263 1374 adhuc
1326 1307 1556 1372 balneo
1622 1307 1922 1391 infertur,
1996 1306 2204 1371 calida
2266 1329 2434 1391 aqua
2494 1311 2844 1392 mersatur,

473 1399 655 1464 nulla
710 1398 884 1462 edita
936 1416 1121 1481 voce,
1176 1416 1304 1479 qua
1357 1400 1561 1461 semet
1613 1397 2043 1461 miseraretur.
2136 1395 2515 1461 circumdati
2568 1396 2843 1460 interim

475 1486 772 1553 custodia
817 1485 931 1569 qui
966 1482 1163 1550 simul
1201 1483 1673 1569 discubuerant,
1717 1505 1837 1550 nec
1877 1484 2005 1549 nisi
2040 1488 2343 1568 provecta
2375 1489 2568 1550 nocte
2607 1485 2843 1549 omissi

478 1579 655 1658 sunt,
710 1577 1057 1658 postquam
1112 1594 1417 1655 pavorem
1473 1592 1722 1657 eorum,
1778 1595 1858 1637 ex
1903 1594 2125 1637 mensa
2171 1573 2440 1638 exitium
2500 1572 2841 1657 opperien-

398 1687 451 1729 ιε
479 1665 644 1726 tium
657 1712 674 1745 ‚
731 1665 798 1726 et
841 1661 1232 1745 imaginatus
1278 1665 1343 1725 et
1388 1660 1674 1726 inridens
1718 1660 1895 1727 Nero
1942 1662 2099 1728 satis
2146 1661 2450 1745 supplicii
2495 1661 2695 1726 luisse
2742 1662 2841 1725 ait

478 1771 596 1835 pro
643 1750 852 1833 epulis
898 1747 1360 1813 consularibus.

269 1920 277 1927 ¹
378 1838 464 1902 70
660 1838 835 1903 Exin
896 1836 982 1901 Μ.
1029 1835 1280 1901 Annaei
1340 1835 1586 1902 Lucani
1649 1837 1908 1902 caedem
1970 1838 2261 1922 imperat.
2353 1838 2410 1903 is
2447 1839 2839 1939 ‘profluente

480 1925 982 2082 2333?ssssss
1026 1925 1627 2099 ξῖξῗῗιιᾞθεθῖῖῗὲἓ
1675 1947 2034 2079 ῗᾱῖῗιῗᾳᾷθ
2055 1926 2676 2099 Ρὲἓαέἃῗὲἳαὶῗ
2693 1948 2838 2099 Ρίἶ-

482 2109 626 2169 tore
661 2103 1006 2190 intellegit,
1051 2104 1425 2168 recordatus
1470 2124 1728 2169 carmen
1773 2125 1812 2166 a
1850 2124 1918 2167 se
1955 2104 2405 2188 compositum,
2453 2126 2580 2188 quo
2618 2104 2837 2167 vulne-

434 2216 459 2257 5
486 2198 700 2258 ratum
737 2191 1012 2258 militem
1049 2215 1163 2275 per
1201 2191 1338 2257 eius
1366 2191 1544 2256 modi
1582 2191 1812 2256 mortis
1837 2191 2188 2278 imaginem
2226 2193 2439 2256 obisse
2465 2192 2837 2276 tradiderat,

483 2303 726 2435 ἔὲῗᾜ
745 2279 2280 2453 iiffiifflss‘aessssssfflussuffiffiffp{²133
2318 2280 2837 2453 vissssseffi'offiifi,

484 2477 640 2521 mox
701 2456 930 2539 reliqui
1000 2458 1482 2523 coniuratorum
1544 2457 1818 2542 periere,
1889 2457 2069 2523 nullo
2142 2458 2316 2523 facto
2388 2459 2642 2524 dictove
2704 2481 2830 2523 me-

485 2544 815 2616 morando.

383 2631 465 2695 71
667 2631 793 2698 Sed
837 2631 1149 2716 compleri
1193 2632 1455 2697 interim
1491 2634 1646 2699 urbs
1690 2633 2045 2718 funeribm,
2092 2632 2486 2719 Capitolium
2531 2635 2837 2720 victimis3

490 2721 657 2792 alius
709 2720 873 2804 filio,
937 2720 1137 2787 fratre
1188 2721 1356 2786 alius
1419 2726 1533 2787 aut
1585 2722 1951 2807 propinquo
2017 2727 2130 2787 aut
2194 2724 2400 2789 amico
2465 2724 2837 2808 interfectis,

491 2832 680 2897 agere
726 2813 939 2896 grates
986 2810 1148 2894 deis,
1205 2832 1431 2877 ornare
1485 2811 1675 2875 lauru
1728 2812 2017 2895 domum,
2072 2834 2281 2898 genua
2334 2813 2539 2896 ipsius
2583 2813 2837 2877 advolvi

669 2947 770 3002 69.
829 2953 877 3002 1.
923 2949 1149 3016 speciem
1176 2978 1243 2990 ·—
1272 2951 1500 3005 induere
1543 2950 1692 3003 nach
1726 2949 1845 3003 Liv.
1884 2955 1982 3018 40,
2022 2955 2115 3016 12,
2152 2956 2187 3003 4
2223 2952 2368 3006 ultro
2414 2951 2551 3005 mihi
2593 2968 2709 3007 non
2753 2952 2835 3005 in-

490 3020 775 3076 sidiatoris
809 3019 983 3084 moda,
1018 3021 1112 3072 sed
1149 3020 1381 3075 latronis
1406 3021 1689 3088 manifesti
1722 3028 1774 3075 et
1793 3023 2131 3088 percussoris
2165 3023 2391 3090 speciem
2417 3023 2618 3077 induit.
2684 3021 2736 3075 S.
2770 3038 2837 3074 zu

401 3117 408 3125 ·
497 3097 546 3159 1,
576 3095 643 3144 69
659 3133 673 3157 ,
707 3094 756 3144 ὅ.
817 3087 826 3157 1
884 3094 934 3142 4.
972 3090 1118 3143 velut
1153 3090 1306 3143 steht
1340 3089 1432 3143 fiir
1468 3089 1561 3144 ein
1598 3089 1880 3146 Attribut:
1923 3090 2066 3145 ‘sein
2102 3090 2257 3146 einer
2292 3092 2445 3161 Burg
2480 3091 2834 3162 gleichendes

492 3161 693 3214 Haus’.
760 3157 910 3212 Suet.
938 3157 1089 3211 Nero
1117 3164 1185 3211 37
1214 3161 1385 3215 tantis
1410 3162 1556 3215 velut
1581 3162 1923 3217 successibus.
1981 3160 2054 3215 So
2081 3164 2243 3233 quasi
2267 3162 2363 3216 bei
2391 3161 2501 3218 Cic.
2534 3163 2602 3216 de
2631 3165 2770 3217 orat.
2805 3168 2834 3215 1

494 3237 526 3296 ς
555 3236 657 3282 232
687 3235 806 3283 erat
831 3227 975 3281 enim
1001 3228 1232 3282 Athenis
1260 3261 1326 3269 —
1356 3232 1517 3299 quasi
1536 3247 1744 3298 poenae
1771 3233 2076 3286 aestimatio
2112 3250 2165 3287 u.
2198 3248 2246 3287 a.
2299 3235 2307 3302 Ι
2358 3238 2405 3288 8.
2446 3234 2836 3288 dissimulando

494 3306 639 3354 metu
672 3297 832 3350 nicht
859 3295 1109 3363 Ablativ‚
1147 3298 1387 3353 sondern
1413 3300 1611 3354 finaler
1638 3301 1807 3355 Dativ
1833 3301 1961 3370 (wie
1993 3307 2077 3370 11,
2106 3306 2221 3371 32);
2260 3303 2490 3358 ahnh‘ch
2524 3304 2630 3357 mit
2657 3303 2835 3357 einem

495 3369 716 3423 Nomen
750 3365 1101 3420 koordiniert
1139 3373 1204 3420 12
1218 3410 1232 3436 ‚
1270 3374 1337 3421 32
1374 3371 1681 3425 subsidium
1718 3372 1976 3427 adversus
2010 3375 2227 3429 rebelles
2271 3380 2324 3427 et
2357 3375 2648 3430 inbuendis
2681 3374 2837 3429 sociis

497 3440 573 3494 ad
600 3438 787 3508 officia
813 3438 1001 3508 leym.
1055 3438 1062 3505 Ι
1115 3444 1197 3508 13.
1236 3439 1422 3494 omissi
1447 3447 1578 3496 sumt
1604 3467 1672 3487 ---
1700 3442 1917 3497 dimissi
1947 3449 2093 3511 mont,
2129 3444 2234 3497 πίε
2266 3450 2350 3513 13,
2372 3450 2455 3499 28.
2565 3463 2633 3501 ex
2657 3461 2835 3500 mensa

501 3509 670 3565 ‘nach
706 3507 915 3562 Tisch’.
976 3509 985 3577 Ι
1046 3513 1128 3563 15.
1166 3510 1470 3580 imayinari
1511 3529 1621 3565 nur
1653 3511 1776 3567 hier
1820 3513 1915 3568 bei
1950 3514 2099 3583 Tac„
2148 3515 2465 3570 ausserdem
2553 3515 2606 3570 ei
2651 3514 2835 3570 seinen

498 3581 918 3652 Zeitgenossen‚
955 3582 1141 3633 zuerst
1175 3579 1269 3634 bei
1306 3580 1435 3634 dem
1472 3581 1687 3637 alteren
1722 3583 1939 3638 Plinius
1977 3588 2085 3654 (20,
2117 3590 2199 3654 13,
2231 3589 2335 3656 51).

681 3651 776 3705 70.
824 3657 872 3705 2.
911 3657 1149 3705 extrema
1178 3650 1653 3722 ‘Extremitaten’,
1691 3654 1835 3707 auch
1861 3655 1956 3708 bei
1986 3655 2176 3710 Celsus
2208 3662 2256 3726 7,
2277 3661 2345 3710 29
2373 3676 2426 3727 p.
2461 3662 2582 3725 317,
2609 3662 2638 3710 7
2666 3656 2789 3711 Dar.
2821 3658 2828 3728 Ι

500 3729 534 3777 3
588 3728 824 3791 compote
859 3722 956 3775 ctt.
999 3721 1115 3775 ‘bei
1141 3721 1347 3777 vollem
1373 3722 1731 3792 Verstande'‚
1769 3724 1875 3779 wie
1903 3726 2082 3781 Amm.
2114 3732 2200 3794 21,
2233 3732 2318 3797 15,
2347 3734 2379 3780 2
2416 3730 2530 3783 inte
2594 3744 2626 3783 o
2652 3730 2835 3782 mentis

499 3809 676 3847 sensu.
736 3796 745 3861 Ι
803 3797 854 3846 4.
892 3806 1127 3859 carmen,
1161 3793 1631 3848 wahrscheinlich
1667 3794 1793 3848 eine
1830 3794 2003 3850 Stelle
2041 3813 2142 3850 aus
2182 3798 2282 3852 der
2308 3799 2485 3853 Phars
2551 3798 2627 3854 ’az
2665 3805 2713 3867 3,
2738 3803 2831 3852 635

499 3867 695 3930 -646,
731 3878 819 3915 πο
857 3861 962 3915 auf
993 3861 1117 3916 eine
1154 3863 1475 3919 widerliche
1512 3865 1629 3918 und
1667 3865 1947 3919 durchaus
1983 3868 2352 3936 unpoetische
2379 3869 2570 3924 Weise
2605 3867 2834 3939 geschil·

502 3933 630 3988 dert
663 3931 822 4000 vird,
858 3930 965 3985 wie
1002 3932 1091 3987 ein
1131 3933 1210 3987 im
1245 3934 1553 4004 Seekampf
1581 3951 1680 3989 vor
1712 3935 1997 3990 Marseille
2033 3937 2252 3993 tbdlich
2286 3939 2690 3994 Verwundeter
2723 3938 2833 3993 sich

501 4002 799 4058 verblutet.
834 4004 842 4073 Ι
877 4008 925 4057 ὅ.
963 4005 1152 4059 mortis
1176 4006 1357 4074 imayo
1384 4004 1461 4058 ist
1485 4004 1611 4058 hier
1634 4004 1795 4059 nicht
1822 4005 1913 4060 die
1942 4006 2217 4062 Gestalt
2244 4009 2342 4062 des
2370 4009 2552 4063 Todes
2579 4008 2685 4064 πίε
2711 4009 2829 4065 hist.

504 4079 538 4127 3
551 4118 564 4142 ‚
603 4080 671 4127 28
707 4074 992 4129 semineces
1026 4091 1148 4128 cum
1183 4076 1591 4143 exspirantibus
1633 4077 1951 4145 volvwntwr,
1993 4080 2157 4133 varia
2193 4081 2541 4147 pereuntium
2582 4081 2757 4146 forma
2790 4088 2835 4136 et

505 4146 655 4198 ommi
687 4146 801 4198 ima
839 4145 927 4197 irie
960 4145 1218 4223 mortitam
1255 4145 1420 4214 (nach
1448 4145 1616 4266 νει-ἵ.
1654 4146 1790 4201 Aen.
1823 4154 1872 4216 2,
1902 4154 2005 4203 369
2042 4155 2091 4203 et
2118 4151 2368 4217 plurima
2403 4151 2591 4205 mortis
2626 4152 2830 4221 imago),

506 4213 747 4267 sondern
827 4211 875 4265 'e
903 4212 1318 4282 (dlchterische)
1347 4213 1558 4268 Gesta
1599 4218 1720 4269 tun
1777 4259 1791 4285 ,
1832 4217 1951 4271 also
1988 4235 2093 4286 quo
2121 4221 2524 4275 —tradiderat
2562 4220 2752 4274 ‘worin
2781 4238 2834 4276 er

506 4283 660 4336 diese
674 4282 950 4336 Todesart
967 4283 1295 4337 ausmalend
1313 4283 1477 4337 einen
1490 4300 1715 4338 verwun
1759 4289 1888 4340 eten
1907 4287 2176 4342 Soldaten
2193 4289 2354 4343 hatte
2373 4289 2599 4344 sterben
2616 4290 2828 4346 lassen’.

687 4352 784 4406 71.
840 4356 888 4405 3.
927 4367 1123 4406 ornare
1160 4354 1340 4407 lawr-u.
1398 4353 1560 4406 Auch
1586 4355 1823 4409 Juvenal
1851 4362 1921 4428 (6,
1954 4363 2045 4426 79,
2079 4364 2161 4428 10,
2191 4361 2280 4428 65)
2314 4360 2568 4415 erwahnt
2604 4361 2722 4415 dies
2757 4361 2831 4416 als

509 4418 600 4471 ein
638 4419 878 4473 Zeichen
916 4419 1014 4473 der
1048 4421 1280 4479 Frende.
2804 4455 2810 4459 ·
